2717 4292
522 263 608 303 nisan
625 263 687 302 111.
730 264 795 303 car.
811 265 864 305 111.
1127 252 1185 316 103

189 414 246 457 nou
260 394 308 453 die
324 412 454 472 unquam
474 403 659 451 cessaverant
679 394 717 451 ab
736 413 832 471 opere,
848 405 880 453 ut
895 413 1004 454 novum
1018 415 1137 456 murum

188 476 226 534 ab
240 494 277 533 ea
298 485 390 551 parte,
405 492 464 551 qua
484 472 661 550 patefactum
681 474 816 550 oppidum
834 476 927 532 ruinis
948 486 1020 547 erat,
1035 476 1135 535 refice·

188 564 264 613 rent.
306 552 377 611 lnde
391 553 566 630 oppugnatio
580 572 630 610 eos
649 553 795 630 aliquanto
818 555 941 613 atrocior
961 575 1050 632 quarn
1070 567 1138 616 ante

188 634 290 692 adorta
305 643 358 702 est,
373 651 438 702 nec,
452 651 511 709 qua
525 632 650 708 primum
665 643 715 690 aut
735 634 913 708 potissimum
928 644 1008 711 parte
1030 634 1139 694 serrent

188 732 283 790 opem,
299 731 370 769 cum
384 711 584 787 omniaqvariis
604 711 781 769 clamoribus
795 723 964 789 streperent,
979 715 1049 773 satis
1062 716 1168 774 scireb

188 801 332 870 poterant.
375 790 441 867 lpse
455 789 611 858 Hannibal,
623 810 682 867 qua
695 792 784 848 turris
798 792 920 863 mobilis,
934 793 1031 851 omnia
1044 796 1137 853 muni-

189 881 289 929 menta
299 870 380 928 urbis
396 888 536 946 superans
551 868 711 942 altitudine,
725 870 874 947 agebatur,
886 871 1013 930 hortator
1026 874 1136 931 ademt.

189 950 268 1017 Qua
289 968 359 1007 cum
380 949 502 1019 admota,
518 948 671 1025 catapultis
693 949 926 1027 balistisqueper
946 952 1043 1012 omnia
1055 953 1138 1010 tabu-

190 1029 252 1087 lata
265 1028 416 1105 dispositis,
428 1045 526 1086 muros
539 1026 736 1087 defensoribus
749 1028 894 1100 nudasset,
903 1039 966 1090 tum
980 1029 1137 1102 Hannibal,

189 1109 375 1166 occasionem
390 1118 478 1178 ratus,
490 1108 662 1185 quingentos
673 1106 763 1165 ferme
778 1106 867 1167 Afros
880 1126 949 1167 cum
963 1109 1088 1169 dolabris
1102 1110 1139 1169 ad
1151 1113 1187 1168 1⁰

189 1186 393 1245 subruendum
417 1187 454 1244 ab
478 1188 536 1245 imo
563 1204 681 1244 murum
705 1188 800 1245 mittit.
841 1188 909 1247 Nec
933 1199 996 1247 erat
1019 1188 1138 1249 difficile

190 1286 273 1343 opus,
288 1265 365 1342 quod
380 1276 521 1325 caementa
541 1284 599 1323 non
613 1266 696 1324 calce
710 1266 814 1325 durata
832 1278 925 1341 erant,
940 1268 990 1326 sed
1012 1269 1139 1328 interlita

191 1346 261 1416 luto,
276 1356 432 1403 structurae
446 1346 572 1421 antiquae
585 1363 705 1421 genere.
747 1344 848 1422 Itaque
867 1346 963 1416 latins,
978 1367 1065 1424 quam
1079 1367 1139 1426 qua

190 1424 363 1494 caederetur,
379 1424 490 1495 ruebat,
505 1442 614 1501 perque
636 1425 762 1499 patentia
776 1425 868 1483 ruinis
886 1427 1003 1502 agmina
1017 1438 1138 1485 armato-

190 1523 258 1561 rum
272 1503 303 1561 in
318 1504 420 1561 urbem
434 1504 586 1562 radebant.
627 1502 742 1561 Locum
759 1523 874 1580 quoque
888 1504 997 1562 editum
1011 1506 1138 1581 capiunt,
1151 1509 1188 1565 lb

190 1583 364 1659 collatisque
379 1603 413 1641 eo
433 1582 588 1660 catapultis
609 1582 786 1659 balistisque,
803 1593 834 1640 ut
854 1583 1007 1641 castellum
1028 1584 1058 1641 in
1076 1585 1139 1661 ipsa

190 1664 264 1719 urbe
276 1664 357 1720 velut
372 1681 469 1719 arcem
480 1663 678 1720 imminentem
688 1662 838 1733 haberent,
850 1680 934 1722 muro
944 1663 1137 1721 circumdant.

190 1742 231 1799 Et
245 1741 401 1819 Saguntini
421 1761 538 1799 murum
559 1742 726 1800 interiorem
747 1742 784 1799 ab
803 1741 930 1799 nondum
951 1752 1037 1819 capta
1058 1753 1139 1819 parta

191 1821 273 1878 urbis
282 1820 402 1879 ducunt.
442 1820 595 1897 Utrimque
607 1822 796 1879 summariet
806 1822 942 1879 muniunt
952 1831 981 1879 et
991 1833 1137 1899 pugnant:

190 1899 242 1957 sed
263 1901 400 1958 interiora
418 1900 524 1958 tuendo
548 1900 688 1958 minorem
712 1902 742 1958 in
771 1900 832 1958 dies
853 1901 955 1959 urbem
982 1900 1138 1979 Saguntini
1148 1903 1188 1959 20

190 1978 313 2037 faciunt.
356 1978 450 2037 Simul
465 1979 571 2038 crescit
585 1980 681 2055 inopia
692 1980 822 2038 omnium
842 1979 929 2058 longa
943 1979 1096 2049 obsidione,
1110 1991 1139 2039 et

190 2058 334 2116 minuitur
355 2060 531 2135 exspectatio
555 2066 682 2116 externae
705 2060 775 2137 opis,
790 2078 860 2117 cum
878 2068 938 2135 tam
959 2059 1060 2135 procul
1081 2059 1137 2119 Rc-

190 2137 281 2208 mani,
297 2138 385 2195 unica
398 2157 472 2215 spes,
488 2138 568 2196 circa
582 2139 678 2196 omnia
699 2138 823 2197 hostium
838 2148 943 2197 essent.
987 2138 1139 2215 Paulisper

191 2226 290 2275 tamen
304 2216 422 2275 affectos
436 2217 546 2275 animos
560 2217 703 2275 recreavit
714 2219 863 2295 repentina
874 2217 1012 2295 profectio
1025 2217 1137 2277 Hanni-

190 2296 267 2353 balis
280 2297 310 2353 in
326 2295 468 2354 Oretanos
487 2295 731 2373 Carpetanosque,
746 2298 796 2374 qui
817 2297 874 2356 duo
894 2297 1001 2374 populi,
1015 2296 1188 2357 dilectus25

191 2376 350 2433 acerbitate
363 2375 547 2445 consternati,
563 2377 681 2433 retentis
695 2378 944 2453 conquisitoribus,
961 2387 1070 2438 metum
1090 2377 1137 2435 de·

192 2452 326 2513 sectionis
339 2473 408 2512 cum
423 2455 621 2531 praebuissent,
636 2457 764 2532 oppressi
784 2456 935 2514 celeritate
953 2455 1137 2527 Hannibalis,

191 2534 352 2591 omiserunt
366 2543 442 2591 mota
455 2552 546 2591 arma.
590 2532 655 2591 XII.
678 2534 745 2592 Nec
766 2533 889 2610 Sagunti
908 2536 1083 2611 oppugnatio
1096 2555 1138 2593 sc·

235 2613 277 2671 'or
297 2608 369 2683 erat,
392 2612 563 2671 Maharbale
583 2611 759 2670 Himilconis
781 2613 949 2669 filio—eum
970 2610 1140 2687 praefecerat

225 2692 424 2749 annibal-ita
445 2692 566 2769 impigre
580 2710 643 2748 rem
664 2700 777 2769 agente,
793 2699 826 2748 ut
845 2690 950 2748 ducem
964 2690 1065 2748 abesse
1083 2708 1139 2749 nec
1150 2696 1188 2750 30

191 2770 273 2829 cives
286 2790 343 2829 nec
363 2771 458 2829 hostes
471 2772 621 2829 sentirent.
663 2769 693 2829 Is
713 2780 742 2828 et
755 2770 860 2847 proelia
880 2770 990 2846 aliquot
1009 2769 1140 2827 secunda

193 2847 272 2919 fecit,
287 2858 317 2907 et
330 2850 422 2908 tribus
437 2851 575 2909 arietibus
588 2850 770 2927 aliquantum
789 2849 866 2907 muri
880 2849 1024 2920 discussit,
1039 2858 1139 2908 strata-

213 2948 251 2987 ue
265 2929 362 2987 omnia
376 2930 540 2988 recentibus
551 2930 643 2987 ruinis
654 2929 817 2987 advenienti
832 2928 992 2987 Hannibali
1006 2928 1137 2988 ostendit.

192 2948 295 3085 ltaque
309 3006 346 3065 ad
356 3008 449 3085 ipsam
460 3027 558 3066 arcem
572 3008 716 3086 extemplo
727 3008 831 3067 ductus
845 3010 990 3069 exercitus
1001 3019 1140 3087 atroxque

193 3087 331 3163 proelium
353 3106 422 3145 cum
443 3088 599 3145 multorum
621 3089 767 3165 utrimque
789 3088 869 3146 caede
891 3089 1006 3160 initum,
1022 3099 1051 3147 et
1072 3092 1191 3166 persib

193 3166 271 3224 arcis
285 3175 371 3243 capta
385 3176 438 3223 est.

233 3244 361 3303 Tentata
374 3244 477 3321 deinde
492 3262 544 3321 per
557 3244 629 3303 duos
643 3255 686 3303 est
696 3247 803 3324 exigua
817 3247 899 3324 pacis
908 3266 983 3323 spes,
995 3246 1139 3306 Alconem

194 3321 391 3401 Saguntinum
418 3334 447 3382 et
475 3324 617 3382 Alorcum
641 3324 817 3402 Hispanum.
859 3326 946 3395 Alco,
967 3325 1066 3384 insciis
1088 3326 1139 3385 Sa-

193 3404 500 3479 guntinis-precibus
519 3403 629 3479 aliquid
643 3416 789 3463 moturum
805 3413 994 3462 ratus—cum
1008 3404 1044 3461 ad
1059 3403 1139 3463 Han·

167 3554 169 3559 Ι
194 3482 321 3540 nibalem
342 3494 430 3541 noctu
451 3483 776 3561 transisset,·postquam
796 3483 869 3540 nihil
891 3483 1022 3541 lacrimae
1044 3488 1190 3544 move-40

194 3560 271 3631 bant,
292 3562 526 3638 conditionesque
547 3562 651 3632 tristes,
671 3573 704 3620 ut
724 3562 761 3620 ab
779 3564 851 3620 irato
873 3563 993 3632 victore,
1010 3560 1141 3621 fereban.

194 3648 251 3711 tur,
272 3640 427 3717 transfuga
454 3660 490 3698 ex
521 3650 633 3698 oratore
661 3640 765 3711 factus,
788 3641 864 3717 apud
891 3642 1001 3699 hostem
1025 3642 1140 3714 mansit,

194 3720 368 3777 moriturum
390 3719 546 3790 affirmans,
565 3720 617 3796 qui
638 3721 693 3777 sub
717 3719 926 3778 conditionibus
949 3722 986 3779 iis
1009 3721 1045 3779 de
1068 3741 1141 3797 paca

193 3809 304 3877 agaret.
348 3798 552 3857 Postulabatnr
576 3807 683 3868 autem,
707 3798 858 3857 redderent
882 3819 929 3858 res
953 3799 1141 3870 Turdetanis,
