2717 4292
466 266 552 310 imas
570 267 592 308 1.
626 267 694 310 osa.
709 268 783 336 syn,
798 269 884 312 tvm.
1131 266 1172 330 39

169 397 257 456 matri
280 395 413 456 tulerit.’'
456 396 638 475 Tarquinius
661 399 778 472 Sextus,
800 402 852 478 qui
876 401 978 461 Romae
1005 402 1127 462 relictus

169 477 277 548 iuerat,
294 487 326 534 ut
348 479 472 556 ignarus
494 479 623 554 responsi
646 497 808 556 expersque
828 482 943 558 imperii
964 492 1049 558 esset,
1063 502 1127 542 rem

169 575 364 634 summaope
387 557 480 614 taceri
497 557 618 633 jubent:
640 559 694 634 ipsi
715 559 791 616 Inter
811 579 852 630 se,
870 572 937 619 uter
956 562 1042 640 prior,
1057 580 1127 620 cnm

170 634 299 692 Romam
320 636 473 706 redissent,
488 637 574 694 matri
594 637 728 694 osculum
751 638 843 708 daret,
857 640 927 698 sorti
946 642 1125 716 permittunt.

170 713 294 785 Brutus
310 714 368 772 alio
383 724 465 772 ratus
486 725 616 792 spectare
631 715 786 791 Pythicam
806 737 917 787 vocem,
929 720 1011 779 velut
1024 720 1050 778 si
1060 726 1157 796 pro-5

170 793 274 871 lapsus
289 793 453 863 cecidisset,
467 803 575 852 terram
591 795 692 854 osculo
713 798 842 874 contigit,
856 799 979 867 scilicet,
993 797 1070 875 quod
1092 819 1128 856 ea

170 873 339 931 communis
353 883 447 931 mater
457 874 587 931 omnium
601 874 769 933 mortalium
781 885 868 936 esset.
910 876 1048 936 Reditum
1061 877 1128 935 inde

171 951 311 1088 plemam,
333 953 384 1010 ubi
406 951 548 1010 adversus
570 951 698 1012 Rutulos
720 952 832 1016 bellum
854 973 971 1014 summa
993 958 1023 1014 vi
1045 975 1128 1034 para-

151 1080 167 1105 ,
193 1041 271 1088 atur.

214 1109 313 1168 LVII.
335 1111 466 1169 Ardeam
482 1111 585 1169 Rutuli
605 1107 763 1184 habebant,
774 1129 855 1186 gens,
869 1113 946 1172 utin
960 1133 996 1172 ea
1010 1114 1127 1192 regione
1140 1118 1176 1172 10

173 1198 263 1264 atque
285 1191 316 1246 in
337 1209 374 1247 ea
394 1200 487 1261 aetate,
503 1190 610 1248 divitiis
631 1189 819 1267 praepollens:
841 1212 935 1268 eaque
955 1194 1019 1270 ipsa
1037 1212 1128 1251 causa

174 1269 245 1326 belli
265 1267 330 1339 fuit,
345 1269 421 1345 quod
442 1289 494 1327 rex
516 1268 668 1328 Romanus
688 1287 758 1328 cum
778 1271 839 1347 ipse
860 1271 954 1342 ditari,
969 1272 1128 1330 exhaustus

174 1348 396 1424 magnificentia
424 1347 608 1426 publicorum
631 1365 763 1428 operum,
785 1360 848 1406 tum
874 1351 972 1427 praeda
999 1351 1128 1408 delenire

174 1427 361 1504 popularium
374 1429 485 1486 animos
495 1427 638 1499 studebat,
648 1437 753 1504 praeter
764 1427 852 1486 aliam
862 1429 1028 1504 superbiam
1038 1447 1129 1506 regno

174 1505 296 1564 infestos
317 1507 413 1577 etiam,
429 1507 506 1583 quod
526 1527 558 1565 se
579 1508 609 1566 in
624 1506 773 1565 saomrum
793 1508 953 1569 ministerio
973 1527 1009 1565 ac
1028 1507 1129 1565 servili
1140 1514 1177 1568 15

174 1595 235 1642 tam
258 1586 308 1642 diu
332 1586 443 1644 habitos
464 1605 550 1663 opere
573 1586 702 1664 abnega
725 1586 960 1663 indignabantur.
1002 1585 1128 1644 Tentata

174 1683 224 1722 res
244 1674 296 1736 est,
312 1666 337 1722 si
358 1667 450 1742 primo
465 1667 574 1744 impetu
588 1666 654 1742 capi
668 1665 771 1722 Ardea
783 1676 895 1743 posset:
917 1665 967 1722 nbi
981 1665 1009 1722 id
1024 1683 1128 1742 parum

174 1745 325 1820 processit,
344 1745 489 1802 obsidione
509 1745 774 1820 munitionibusque
796 1745 884 1822 coepti
907 1745 999 1820 premi
1019 1745 1125 1802 hostes.

174 1821 210 1882 In
224 1823 270 1880 bis
284 1824 470 1881 stativis—ut
489 1824 522 1881 fit
542 1823 628 1902 longo
642 1825 736 1902 magis
756 1843 844 1901 quam
859 1824 921 1881 acri
941 1824 1127 1882 bello-satis

174 1902 261 1960 liberi
284 1915 463 1961 commeatus
491 1912 582 1973 erant,
601 1904 776 1981 primoribus
802 1911 900 1960 tamen
922 1904 1015 1979 magis
1038 1907 1177 1978 quam20

174 1975 335 2039 militibus:
357 1983 431 2060 regii
445 1982 563 2058 quidem
579 1982 704 2058 juvenes
717 1974 868 2039 interdum
881 1981 971 2038 otium
985 1982 1127 2039 conviviis

175 2061 472 2137 comisationibusque
486 2063 561 2118 inter
575 2081 606 2118 se
620 2061 761 2138 terebant.
803 2059 891 2119 Forte
905 2061 1069 2136 potantibus
1082 2061 1128 2117 his

175 2139 254 2216 apud
278 2139 347 2198 Sex.
371 2139 576 2216 Tarquinium,
599 2140 649 2200 ubi
672 2150 702 2199 et
723 2139 884 2198 Collatinus
906 2139 1029 2197 cenabat
1052 2138 1126 2198 Tar-

176 2219 306 2296 quinius,
322 2219 425 2296 Egerii
446 2220 533 2288 filius,
555 2219 656 2278 incidit
679 2219 714 2277 de
736 2219 876 2277 uxoribus
897 2218 1021 2276 mentio:
1042 2237 1127 2276 snam

175 2299 302 2374 quisque
330 2297 451 2357 laudare
473 2299 555 2356 miris
579 2299 688 2357 modis:
720 2298 787 2356 inde
811 2298 970 2356 certamine
993 2302 1175 2368 accenseat

176 2377 342 2435 Collatinus
362 2387 458 2455 negat,
474 2378 569 2436 verbis
583 2397 655 2455 opus
669 2398 743 2448 esse,
758 2378 860 2454 paucis
874 2377 902 2434 id
916 2376 1033 2453 quidem
1047 2377 1125 2434 horis
1174 2401 1177 2406 ·

177 2476 261 2532 posse
275 2457 354 2526 sciri,
370 2468 510 2532 quantum
525 2455 630 2515 ceteris
643 2466 759 2534 praestet
772 2455 913 2514 Lucretia
926 2474 997 2512 sua:
1018 2462 1036 2490 “
1045 2457 1125 2531 quin,

177 2537 202 2592 si
217 2537 301 2612 vigor
318 2534 447 2611 juventae
467 2537 550 2605 inest,
565 2534 788 2593 conscendimus
808 2553 897 2609 equos
917 2534 1126 2609 invisimusque

177 2623 335 2691 praesentes
348 2624 512 2673 nostrarum
533 2613 673 2690 ingenia?
715 2612 747 2685 Id
762 2613 869 2687 cuique
883 2611 1126 2686 spectatissimum

177 2695 223 2762 sit,
238 2693 316 2769 quod
335 2694 504 2770 necopinato
518 2695 575 2751 viri
594 2692 720 2750 adventu
734 2691 896 2748 occurrerit
912 2687 1038 2746 oculis''
1079 2688 1124 2747 In·
1137 2694 1176 2749 30

178 2772 333 2831 coluerant
347 2773 429 2830 vino:
450 2774 545 2850 “Age
559 2770 661 2842 sane,''
676 2789 793 2829 omnes:
813 2770 908 2827 citatis
918 2769 1000 2845 equis
1011 2767 1127 2828 avolant

179 2849 314 2908 Romam.
357 2851 512 2922 Quocum,
528 2851 628 2928 primis
642 2871 673 2908 se
687 2849 900 2908 intendentibus
913 2848 1047 2920 tenebris,
1062 2867 1125 2926 per-

180 2932 335 3000 venissent,
351 2940 476 3008 pergunt
497 2930 564 2988 inde
588 2930 750 3000 Collatiam,
769 2930 818 2986 ubi
841 2927 1020 3000 Lucretiam,
1035 2929 1125 2987 haud-
1151 2940 1154 2944 ’

178 3028 329 3085 quaquam
348 3020 380 3067 ut
394 3011 489 3087 regias
509 3028 611 3080 nurus,
626 3029 701 3086 quas
720 3010 751 3066 in
764 3009 897 3066 convivio
911 3007 1042 3084 luxuque
1056 3027 1125 3066 cum
1141 3053 1148 3065 ,

178 3089 341 3164 aequalibus
363 3089 494 3146 viderant
514 3097 628 3166 tempus
648 3097 783 3158 terentes,
797 3089 848 3146 sed
864 3096 948 3145 nocte
969 3106 1035 3146 sera
1048 3087 1124 3145 dedi·
1136 3092 1174 3146 35

178 3175 239 3224 tam
267 3167 343 3224 lanae
371 3169 446 3225 inter
472 3167 660 3226 lucubrantes
693 3168 815 3226 ancillas
842 3169 872 3224 in
899 3167 993 3224 medio
1020 3167 1126 3224 aedium

179 3246 329 3304 sedentem
356 3246 519 3304 inveniunt.
562 3245 715 3304 Muliebris
748 3246 915 3304 certaminis
941 3246 1007 3302 laus
1037 3263 1126 3321 penes

181 3321 353 3385 Lucretiam
379 3324 442 3383 fuit.
499 3325 668 3383 Adveniens
696 3326 742 3382 vir
769 3323 981 3400 Tarquiniique
1012 3325 1125 3399 excepti

182 3403 323 3480 benigne:
344 3406 437 3463 victor
460 3406 581 3477 maritus
605 3405 726 3462 comiter
749 3403 852 3460 invitat
875 3402 969 3477 regios
990 3401 1124 3475 juvenes.

181 3481 225 3540 Ibi
245 3482 315 3540 Sex.
333 3483 528 3559 Tarquinium
549 3483 628 3541 mala
648 3482 736 3540 libido
756 3480 903 3540 Lucretiae
923 3497 975 3554 per
989 3478 1048 3535 vim
1067 3483 1175 3539 stu-40

181 3561 299 3636 prandae
321 3564 416 3638 capit:
438 3582 506 3620 cum
527 3560 628 3632 forma,
642 3572 705 3620 tum
727 3568 856 3638 spectata
873 3558 991 3615 castitas
1013 3558 1123 3618 incitat.

183 3639 220 3698 Et
233 3651 296 3699 tum
311 3642 428 3716 quidem
443 3643 479 3700 ab
500 3651 640 3700 nocturno
657 3640 789 3716 juvenali
803 3638 871 3696 ludo
884 3639 915 3694 in
935 3647 1031 3695 castra
1046 3638 1125 3696 rede·

182 3729 242 3777 unt.
284 3719 396 3778 LVIII.
420 3720 526 3778 Paucis
546 3720 705 3794 interjectis
723 3719 830 3787 diebus,
846 3717 916 3774 Sex.
936 3715 1125 3792 Tarquinius,

182 3791 273 3858 inscio
295 3799 447 3868 Collatino,
461 3819 530 3857 cum
552 3800 655 3856 comite
679 3816 738 3855 uno
760 3795 914 3855 Collatiam
936 3796 1025 3853 venit.
1066 3793 1126 3852 Ubi
