2717 4292
196 282 235 343 72
614 286 671 329 riri
694 286 767 329 mvn

242 420 316 479 lator
339 438 442 479 earum
465 420 496 478 in
518 416 638 478 vincula
661 418 796 475 ducatur.
836 415 977 476 Ceterum
997 434 1054 476 sua
1075 421 1195 496 propria

243 500 317 557 bona
331 498 474 573 malaque,
489 516 558 555 cum
578 515 676 555 causae
696 495 827 554 dicendae
840 495 908 553 data
928 494 1055 555 facultas
1068 498 1115 569 sit,
1129 508 1195 557 tum

243 598 274 637 se
299 589 503 655 experturum:
527 577 556 632 in
576 576 729 652 praesentia
753 595 784 633 se
809 576 956 632 communi
977 575 1046 651 jure
1066 578 1195 637 civitatis

244 659 339 715 civem
361 656 524 714 Romanum
545 655 591 711 die
606 654 683 712 dicta
704 655 859 732 postulare,
874 663 906 711 ut
926 654 1026 711 dicere
1048 655 1146 725 liceat,
1162 667 1195 716 ut

215 743 232 795 b
241 737 386 813 judicium
407 735 503 811 populi
525 734 649 791 Romani
670 733 806 808 experiri.
848 732 917 790 Non
938 733 978 789 ita
999 753 1031 791 se
1052 736 1195 794 invidiam

245 816 438 893 pertimuisse,
454 824 485 871 ut
509 814 580 870 nihil
601 814 631 869 in
654 814 789 887 aequitata
810 822 839 868 et
859 812 1060 870 misericordia
1082 816 1195 873 civium

245 913 364 952 suorum
387 895 447 969 spei
466 894 580 949 habeat.
622 891 710 957 Quod
732 892 757 948 si
779 891 887 948 indicta
910 910 1001 948 causa
1022 893 1052 948 in
1073 895 1196 953 vincula

245 974 378 1042 ducatur,
390 974 496 1030 iterum
510 991 541 1029 se
556 972 685 1028 tribunos
699 970 793 1047 plebei
808 970 956 1045 appellare
970 982 999 1027 et
1014 975 1141 1041 monere,
1156 993 1194 1033 ne

245 1052 394 1111 imitentur
415 1071 487 1127 quos
508 1051 629 1108 oderint.
671 1049 758 1114 Quod
780 1050 806 1106 si
827 1050 937 1106 tribuni
959 1050 1060 1107 eodem
1083 1052 1194 1111 foedere

201 1132 385 1208 ltlobligatos
412 1150 443 1187 se
472 1129 618 1187 fateantur
649 1128 783 1186 tollendae
810 1129 1012 1205 appellationis
1039 1149 1140 1201 causa,
1163 1133 1194 1189 in

245 1230 335 1287 quam
348 1210 527 1286 conspirasse
548 1209 728 1265 decemviros
748 1208 893 1265 criminati
907 1208 972 1276 sint,
989 1217 1018 1265 at
1038 1228 1070 1266 sa
1091 1229 1193 1286 provo-

246 1308 314 1347 care
329 1289 365 1345 ad
379 1288 526 1366 populum,
541 1286 696 1363 implorare
710 1286 791 1363 leges
805 1286 841 1343 tle
855 1288 1066 1362 provocatione,
1082 1299 1111 1346 et
1125 1308 1193 1347 con-

245 1368 367 1439 sulares,
389 1378 417 1425 et
435 1367 606 1425 tribunicias
626 1386 660 1423 eo
681 1366 743 1441 ipso
767 1383 842 1423 anno
867 1365 952 1424 latas.
993 1366 1092 1432 Quem
1114 1369 1195 1426 enim

246 1456 478 1523 provocaturum,
494 1446 519 1503 si
533 1446 588 1503 hoc
602 1444 766 1503 indemnato
780 1444 889 1501 indicta
906 1462 997 1501 cansa
1009 1463 1067 1503 nou
1082 1446 1194 1505 liceatl

199 1531 236 1586 15
246 1525 303 1584 cat
324 1526 435 1603 plebeio
455 1534 484 1583 et
504 1524 608 1582 humili
629 1522 795 1601 praesidium
816 1524 847 1580 in
865 1523 981 1601 legibus
1002 1522 1072 1594 fore,
1087 1526 1113 1583 si
1132 1526 1194 1603 Ap.

247 1605 447 1663 Claudio'non
474 1604 533 1661 sitt
575 1603 614 1661 Se
635 1604 806 1660 documento
827 1601 967 1672 futurum,
989 1612 1089 1661 utrum
1111 1607 1197 1664 novis

247 1682 360 1760 legibus
378 1683 533 1741 dominatio
547 1700 584 1739 an
598 1682 717 1739 libertas
731 1682 845 1739 firmata
858 1682 904 1750 sit,
918 1691 948 1739 et
962 1682 1117 1759 appellatio
1130 1702 1195 1760 pro-

247 1764 416 1838 vocatioque
431 1761 569 1818 adversus
583 1761 720 1837 injuriam
740 1762 962 1837 magistratuum
976 1772 1118 1820 ostentata
1131 1773 1195 1820 tan·

247 1850 309 1897 tum
324 1841 459 1897 inanibus
473 1840 585 1910 litteris,
602 1858 638 1896 an
653 1858 723 1897 vera
743 1839 810 1896 data
824 1841 870 1896 sit.
912 1837 1009 1898 LVII.
1032 1841 1140 1899 Contra
1158 1862 1196 1901 ea

197 1926 238 1980 20
249 1920 400 1995 Virginius
415 1938 505 1977 unum
517 1920 576 1997 Ap.
592 1918 748 1976 Claudium
762 1929 791 1975 et
805 1919 904 1995 legum
918 1928 1067 1995 expertem
1081 1930 1109 1977 at
1123 1922 1196 1978 civi·

249 1999 285 2056 lis
299 2009 327 2055 et
341 1999 460 2055 humani
482 1997 600 2055 soederis
620 1996 684 2055 esse
706 1997 810 2054 aiebat.
854 1997 1045 2075 Respicerent
1064 1999 1195 2059 tribunal

248 2078 378 2135 homines
401 2077 555 2135 castellum
577 2078 706 2135 omnium
729 2076 883 2146 scelerum,
899 2076 949 2133 ubi
970 2076 1119 2137 decemvir
1143 2080 1196 2137 ille

248 2167 412 2233 perpetuus,
435 2156 524 2224 boola,
546 2166 635 2234 tergo,
657 2156 793 2233 sanguini
814 2156 922 2212 civium
947 2155 1079 2226 infestus
1095 2159 1196 2235 virgas

248 2254 422 2311 securesque
443 2236 576 2293 omnibus
596 2236 741 2303 minitans,
757 2234 876 2291 deorum
897 2234 1105 2311 hominumque
1125 2256 1194 2295 con-

162 2378 164 2383 ,
198 2322 377 2390 coemptor,
390 2314 576 2372 carnificibus
590 2331 646 2370 non
657 2313 807 2371 lictoribus
820 2314 951 2389 stipatus,
959 2314 1022 2388 jam
1037 2316 1073 2371 ab
1086 2318 1197 2391 rapinis

248 2404 276 2451 et
290 2394 417 2451 caedibus
438 2394 534 2451 auimo
549 2393 585 2450 ad
605 2391 753 2459 libidinem
768 2411 860 2461 verso,
877 2393 1021 2468 virginem
1035 2394 1195 2471 ingenuam

248 2473 278 2529 in
291 2472 384 2530 oculis
399 2473 497 2548 populi
511 2472 645 2542 Romani,
658 2472 739 2528 velut
753 2471 828 2528 bello
842 2481 966 2549 captam,
982 2472 1019 2529 ab
1039 2474 1195 2549 complexu

248 2552 337 2629 patris
350 2552 507 2627 abreptam,
523 2552 652 2608 ministro
667 2551 798 2608 cubiculi
811 2551 858 2607 sui
872 2551 971 2608 clienti
985 2551 1060 2609 dono
1073 2552 1195 2624 dederit,

248 2632 298 2689 ubi
309 2631 421 2690 crudeli
431 2631 546 2689 decreto
560 2629 750 2705 nefandisque
765 2629 899 2687 vindiciis
912 2629 1045 2687 dextram
1059 2633 1150 2707 patris
1164 2634 1208 2705 in¹

200 2711 338 2771 notitiam
360 2712 523 2780 armaverit,
539 2710 589 2766 ubi
609 2709 742 2767 tollentes
763 2727 868 2785 corpus
888 2710 1057 2767 semianime
1072 2712 1196 2787 virginis

248 2809 383 2868 sponsum
399 2790 635 2865 avunculumque
655 2790 686 2844 in
700 2806 850 2845 carcaram
863 2786 932 2844 duci
949 2788 1079 2863 jusserit,
1095 2800 1195 2866 stupro

247 2869 428 2944 interpellato
448 2870 541 2944 magis
561 2886 650 2943 quam
671 2866 750 2923 oaede
771 2877 875 2923 motus.
917 2866 957 2924 Et
977 2867 1022 2923 illi
1043 2888 1195 2927 carcerem

248 2947 423 3005 edificatum
444 2966 516 3016 esse,
532 2946 607 3023 quod
628 2945 807 3002 domicilium
821 2946 912 3022 plebis
926 2945 1068 3004 Romanae
1088 2966 1196 3007 vocare

248 3027 285 3084 sit
299 3026 408 3085 solitus
450 3024 580 3095 Proinde,
593 3034 625 3082 ut
639 3024 688 3082 ille
703 3025 808 3082 iterum
823 3044 859 3083 ac
872 3025 978 3102 sapius
992 3037 1137 3101 provocet,
1151 3029 1195 3087 sic

201 3112 238 3167 35
249 3126 280 3163 aa
290 3106 396 3163 iterum
407 3122 442 3162 ac
456 3104 562 3180 saepius
568 3103 699 3180 judicem
709 3103 752 3161 illi
763 3103 848 3173 farre,
860 3105 890 3160 ni
905 3104 1047 3161 vindicias
1061 3106 1099 3162 ab
1109 3106 1195 3164 liber.

248 3194 307 3243 tate
328 3185 359 3242 in
377 3184 545 3241 servitutem
567 3182 688 3240 dederit.
730 3182 762 3240 Si
785 3182 822 3240 ad
842 3183 973 3259 judicem
993 3202 1051 3241 non
1071 3195 1127 3256 eat,
1143 3204 1197 3262 pro

249 3262 383 3321 damnato
397 3264 427 3320 in
441 3262 560 3320 vincula
578 3261 646 3319 duci
664 3262 778 3337 jubere.
824 3262 862 3320 Ut
881 3261 959 3320 haud
979 3282 1127 3338 quoquam
1141 3266 1195 3321 im-

249 3344 394 3422 probante,
411 3342 452 3399 sic
467 3359 573 3417 magno
588 3350 665 3398 motu
687 3341 858 3410 animorum,
874 3360 943 3398 cum
964 3342 1035 3398 tanti
1057 3342 1112 3399 viri
1127 3362 1195 3420 sup.

249 3424 335 3500 plicib
349 3431 461 3480 suamet
475 3420 551 3496 plebi
562 3420 624 3496 jam
638 3420 727 3476 nimia
746 3419 864 3476 libertas
877 3419 1033 3490 videretur,
1049 3421 1079 3477 in
1094 3441 1195 3480 carce.

203 3509 311 3563 mrem
325 3512 368 3560 est
382 3500 540 3576 conjectus.
582 3498 733 3555 Tribunus
748 3499 774 3554 ei
789 3497 865 3555 diem
879 3498 1012 3574 prodixit.

289 3581 366 3639 Inter
388 3581 449 3637 haec
464 3579 500 3637 ab
518 3577 633 3636 Latinis
654 3587 682 3633 et
704 3576 840 3634 Hernicis
857 3576 946 3653 legati
965 3577 1144 3653 gratulatum
1158 3579 1196 3637 da
1269 3580 1273 3585 ’

250 3660 403 3719 concordia
424 3667 539 3735 patrum
553 3676 589 3714 ac
610 3656 702 3732 plebis
715 3655 838 3713 Romam
858 3667 1009 3724 venerunt,
1028 3655 1196 3733 donumque

249 3738 361 3795 obeam
374 3736 439 3794 Jovi
453 3737 557 3812 optimo
566 3736 692 3792 maximo
701 3752 836 3792 coronam
844 3753 965 3792 auream
979 3736 1009 3791 in
1017 3733 1197 3812 Capitolium

249 3815 343 3876 tulare
367 3815 450 3893 parvi
476 3814 618 3891 ponderis,
646 3822 730 3889 prout
757 3831 804 3870 res
821 3813 903 3871 haud
929 3813 1074 3890 opulentat
1100 3824 1196 3889 erant,
