<?xml version="1.0" encoding="UTF-8"?>
<!DOCTYPE html PUBLIC "-//W3C//DTD XHTML 1.0 Transitional//EN"
    "http://www.w3.org/TR/xhtml1/DTD/xhtml1-transitional.dtd">
<html xmlns="http://www.w3.org/1999/xhtml" xml:lang="en" lang="en">
 <head>
  <title>
</title>
<meta http-equiv="Content-Type" content="text/html;charset=utf-8" />
  <meta name='ocr-system' content='tesseract 3.04.00' />
  <meta name='ocr-capabilities' content='ocr_page ocr_carea ocr_par ocr_line ocrx_word'/>
</head>
<body>
  <div class='ocr_page' id='page_1' title='image "./selectionsfromf01alscgoog_0131.png"; bbox 0 0 2717 4292; ppageno 0'>
   <div class='ocr_carea' id='block_1_1' title="bbox 472 290 1160 353">
    <p class='ocr_par' dir='ltr' id='par_1_1' title="bbox 472 290 1160 353">
     <span class='ocr_line' id='line_1_1' title="bbox 472 290 1160 353; baseline 0.004 -11"><span class='ocrx_word' id='word_1_1' title='bbox 472 302 559 343; x_wconf 79' lang='lat' dir='ltr'>arnna</span> <span class='ocrx_word' id='word_1_2' title='bbox 579 302 642 343; x_wconf 85' lang='lat' dir='ltr'>nr.</span> <span class='ocrx_word' id='word_1_3' title='bbox 683 301 861 345; x_wconf 70' lang='lat' dir='ltr'>canum.</span> <span class='ocrx_word' id='word_1_4' title='bbox 970 302 974 307; x_wconf 84' lang='grc'><strong>’</strong></span> <span class='ocrx_word' id='word_1_5' title='bbox 1100 290 1160 353; x_wconf 77' lang='grc'>113</span> 
     </span>
    </p>
   </div>
   <div class='ocr_carea' id='block_1_2' title="bbox 154 428 1205 2717">
    <p class='ocr_par' dir='ltr' id='par_1_2' title="bbox 154 428 1205 2717">
     <span class='ocr_line' id='line_1_2' title="bbox 196 428 1108 511; baseline 0.004 -23"><span class='ocrx_word' id='word_1_6' title='bbox 196 428 238 489; x_wconf 84' lang='lat' dir='ltr'>Et</span> <span class='ocrx_word' id='word_1_7' title='bbox 248 428 287 487; x_wconf 86' lang='lat' dir='ltr'>P.</span> <span class='ocrx_word' id='word_1_8' title='bbox 303 429 468 501; x_wconf 85' lang='lat' dir='ltr'>Cornelius,</span> <span class='ocrx_word' id='word_1_9' title='bbox 483 431 513 487; x_wconf 92' lang='lat' dir='ltr'>in</span> <span class='ocrx_word' id='word_1_10' title='bbox 527 433 624 490; x_wconf 90' lang='lat' dir='ltr'>locum</span> <span class='ocrx_word' id='word_1_11' title='bbox 636 432 709 509; x_wconf 87' lang='lat' dir='ltr'>ejus,</span> <span class='ocrx_word' id='word_1_12' title='bbox 723 452 790 509; x_wconf 72' lang='lat' dir='ltr'>quae</span> <span class='ocrx_word' id='word_1_13' title='bbox 802 433 891 491; x_wconf 87' lang='lat' dir='ltr'>missa</span> <span class='ocrx_word' id='word_1_14' title='bbox 904 452 973 491; x_wconf 92' lang='lat' dir='ltr'>cum</span> <span class='ocrx_word' id='word_1_15' title='bbox 987 446 1108 511; x_wconf 72' lang='lat' dir='ltr'>praetore</span> 
     </span>
     <span class='ocr_line' id='line_1_3' title="bbox 156 510 1108 591; baseline 0.004 -24"><span class='ocrx_word' id='word_1_16' title='bbox 156 519 228 580; x_wconf 83' lang='lat' dir='ltr'>erat,</span> <span class='ocrx_word' id='word_1_17' title='bbox 241 511 419 586; x_wconf 88' lang='lat' dir='ltr'>transcripta</span> <span class='ocrx_word' id='word_1_18' title='bbox 436 510 549 586; x_wconf 84' lang='lat' dir='ltr'>legione</span> <span class='ocrx_word' id='word_1_19' title='bbox 564 530 647 581; x_wconf 92' lang='lat' dir='ltr'>nova,</span> <span class='ocrx_word' id='word_1_20' title='bbox 664 511 809 588; x_wconf 83' lang='lat' dir='ltr'>profectus</span> <span class='ocrx_word' id='word_1_21' title='bbox 824 513 860 570; x_wconf 90' lang='lat' dir='ltr'>ab</span> <span class='ocrx_word' id='word_1_22' title='bbox 875 514 946 569; x_wconf 89' lang='lat' dir='ltr'>urbe</span> <span class='ocrx_word' id='word_1_23' title='bbox 956 515 1108 591; x_wconf 79' lang='lat' dir='ltr'>sexaginta</span> 
     </span>
     <span class='ocr_line' id='line_1_4' title="bbox 155 588 1106 668; baseline 0.004 -23"><span class='ocrx_word' id='word_1_24' title='bbox 155 588 250 665; x_wconf 81' lang='lat' dir='ltr'>longis</span> <span class='ocrx_word' id='word_1_25' title='bbox 265 588 401 657; x_wconf 88' lang='lat' dir='ltr'>navibus,</span> <span class='ocrx_word' id='word_1_26' title='bbox 417 599 524 665; x_wconf 88' lang='lat' dir='ltr'>praeter</span> <span class='ocrx_word' id='word_1_27' title='bbox 543 610 624 647; x_wconf 91' lang='lat' dir='ltr'>oram</span> <span class='ocrx_word' id='word_1_28' title='bbox 638 590 765 647; x_wconf 75' lang='lat' dir='ltr'>Etruriae</span> <span class='ocrx_word' id='word_1_29' title='bbox 775 590 978 668; x_wconf 83' lang='lat' dir='ltr'>Ligurumque</span> <span class='ocrx_word' id='word_1_30' title='bbox 995 604 1024 649; x_wconf 90' lang='lat' dir='ltr'>et</span> <span class='ocrx_word' id='word_1_31' title='bbox 1040 592 1106 649; x_wconf 88' lang='lat' dir='ltr'>inde</span> 
     </span>
     <span class='ocr_line' id='line_1_5' title="bbox 155 666 1106 748; baseline 0.003 -24"><span class='ocrx_word' id='word_1_32' title='bbox 155 666 312 724; x_wconf 81' lang='lat' dir='ltr'>Salnvifim</span> <span class='ocrx_word' id='word_1_33' title='bbox 337 677 448 724; x_wconf 90' lang='lat' dir='ltr'>montes</span> <span class='ocrx_word' id='word_1_34' title='bbox 475 671 607 743; x_wconf 88' lang='lat' dir='ltr'>pervenit</span> <span class='ocrx_word' id='word_1_35' title='bbox 633 668 803 740; x_wconf 72' lang='lat' dir='ltr'><strong>Massiliam,</strong></span> <span class='ocrx_word' id='word_1_36' title='bbox 829 680 858 728; x_wconf 91' lang='lat' dir='ltr'>et</span> <span class='ocrx_word' id='word_1_37' title='bbox 884 671 920 727; x_wconf 90' lang='lat' dir='ltr'>ad</span> <span class='ocrx_word' id='word_1_38' title='bbox 944 674 1106 748; x_wconf 88' lang='lat' dir='ltr'>proximum</span> 
     </span>
     <span class='ocr_line' id='line_1_6' title="bbox 155 745 1136 821; baseline 0.006 -18"><span class='ocrx_word' id='word_1_39' title='bbox 155 747 264 803; x_wconf 90' lang='lat' dir='ltr'>ostium</span> <span class='ocrx_word' id='word_1_40' title='bbox 289 745 597 821; x_wconf 89' lang='lat' dir='ltr'>Rhodani-pluribus</span> <span class='ocrx_word' id='word_1_41' title='bbox 621 750 699 805; x_wconf 91' lang='lat' dir='ltr'>enim</span> <span class='ocrx_word' id='word_1_42' title='bbox 724 748 834 805; x_wconf 89' lang='lat' dir='ltr'>divisus</span> <span class='ocrx_word' id='word_1_43' title='bbox 856 750 949 806; x_wconf 90' lang='lat' dir='ltr'>amnis</span> <span class='ocrx_word' id='word_1_44' title='bbox 973 751 1003 806; x_wconf 92' lang='lat' dir='ltr'>in</span> <span class='ocrx_word' id='word_1_45' title='bbox 1025 755 1136 809; x_wconf 78' lang='lat' dir='ltr'>mare5</span> 
     </span>
     <span class='ocr_line' id='line_1_7' title="bbox 155 823 1107 896; baseline 0.004 -15"><span class='ocrx_word' id='word_1_46' title='bbox 155 823 426 882; x_wconf 88' lang='lat' dir='ltr'>decurrit—castra</span> <span class='ocrx_word' id='word_1_47' title='bbox 446 826 532 896; x_wconf 78' lang='lat' dir='ltr'>locat,</span> <span class='ocrx_word' id='word_1_48' title='bbox 548 827 665 884; x_wconf 79' lang='lat' dir='ltr'>vixdum</span> <span class='ocrx_word' id='word_1_49' title='bbox 687 828 757 884; x_wconf 87' lang='lat' dir='ltr'>satis</span> <span class='ocrx_word' id='word_1_50' title='bbox 770 828 892 884; x_wconf 89' lang='lat' dir='ltr'>credens</span> <span class='ocrx_word' id='word_1_51' title='bbox 911 828 1107 885; x_wconf 86' lang='lat' dir='ltr'>Hannibalem</span> 
     </span>
     <span class='ocr_line' id='line_1_8' title="bbox 155 902 1106 983; baseline 0.005 -23"><span class='ocrx_word' id='word_1_52' title='bbox 155 921 313 979; x_wconf 83' lang='lat' dir='ltr'>superasse</span> <span class='ocrx_word' id='word_1_53' title='bbox 329 902 486 978; x_wconf 83' lang='lat' dir='ltr'>Pyrenaeos</span> <span class='ocrx_word' id='word_1_54' title='bbox 501 916 620 962; x_wconf 88' lang='lat' dir='ltr'>montes.</span> <span class='ocrx_word' id='word_1_55' title='bbox 642 906 740 971; x_wconf 79' lang='lat' dir='ltr'>Quem</span> <span class='ocrx_word' id='word_1_56' title='bbox 752 915 783 962; x_wconf 90' lang='lat' dir='ltr'>ut</span> <span class='ocrx_word' id='word_1_57' title='bbox 797 906 833 962; x_wconf 88' lang='lat' dir='ltr'>de</span> <span class='ocrx_word' id='word_1_58' title='bbox 845 906 977 963; x_wconf 84' lang='lat' dir='ltr'>Rhodani</span> <span class='ocrx_word' id='word_1_59' title='bbox 990 926 1106 983; x_wconf 88' lang='lat' dir='ltr'>quoque</span> 
     </span>
     <span class='ocr_line' id='line_1_9' title="bbox 154 983 1107 1062; baseline 0.004 -23"><span class='ocrx_word' id='word_1_60' title='bbox 154 984 282 1039; x_wconf 85' lang='lat' dir='ltr'>transitu</span> <span class='ocrx_word' id='word_1_61' title='bbox 308 984 422 1059; x_wconf 81' lang='lat' dir='ltr'>agitare</span> <span class='ocrx_word' id='word_1_62' title='bbox 449 983 659 1055; x_wconf 89' lang='lat' dir='ltr'>animadvertit,</span> <span class='ocrx_word' id='word_1_63' title='bbox 685 986 814 1041; x_wconf 88' lang='lat' dir='ltr'>incertus</span> <span class='ocrx_word' id='word_1_64' title='bbox 838 1004 963 1062; x_wconf 90' lang='lat' dir='ltr'>quonam</span> <span class='ocrx_word' id='word_1_65' title='bbox 988 988 1014 1043; x_wconf 92' lang='lat' dir='ltr'>ei</span> <span class='ocrx_word' id='word_1_66' title='bbox 1042 986 1107 1043; x_wconf 91' lang='lat' dir='ltr'>loco</span> 
     </span>
     <span class='ocr_line' id='line_1_10' title="bbox 154 1062 1106 1139; baseline 0.005 -22"><span class='ocrx_word' id='word_1_67' title='bbox 154 1069 335 1130; x_wconf 89' lang='lat' dir='ltr'>occurreret,</span> <span class='ocrx_word' id='word_1_68' title='bbox 351 1062 477 1118; x_wconf 86' lang='lat' dir='ltr'>necdum</span> <span class='ocrx_word' id='word_1_69' title='bbox 500 1064 569 1120; x_wconf 88' lang='lat' dir='ltr'>satis</span> <span class='ocrx_word' id='word_1_70' title='bbox 590 1063 707 1121; x_wconf 88' lang='lat' dir='ltr'>refectis</span> <span class='ocrx_word' id='word_1_71' title='bbox 725 1063 761 1120; x_wconf 90' lang='lat' dir='ltr'>ab</span> <span class='ocrx_word' id='word_1_72' title='bbox 781 1064 937 1139; x_wconf 85' lang='lat' dir='ltr'>jactatione</span> <span class='ocrx_word' id='word_1_73' title='bbox 961 1065 1106 1122; x_wconf 87' lang='lat' dir='ltr'>maritima</span> 
     </span>
     <span class='ocr_line' id='line_1_11' title="bbox 155 1140 1152 1219; baseline 0.007 -24"><span class='ocrx_word' id='word_1_74' title='bbox 155 1140 309 1210; x_wconf 91' lang='lat' dir='ltr'>militibus,</span> <span class='ocrx_word' id='word_1_75' title='bbox 326 1149 469 1197; x_wconf 89' lang='lat' dir='ltr'>trecentos</span> <span class='ocrx_word' id='word_1_76' title='bbox 490 1141 605 1199; x_wconf 91' lang='lat' dir='ltr'>interim</span> <span class='ocrx_word' id='word_1_77' title='bbox 622 1141 749 1199; x_wconf 91' lang='lat' dir='ltr'>delectos</span> <span class='ocrx_word' id='word_1_78' title='bbox 761 1144 872 1219; x_wconf 88' lang='lat' dir='ltr'>equites</span> <span class='ocrx_word' id='word_1_79' title='bbox 889 1141 1013 1200; x_wconf 91' lang='lat' dir='ltr'>ducibus</span> <span class='ocrx_word' id='word_1_80' title='bbox 1026 1142 1103 1201; x_wconf 85' lang='lat' dir='ltr'>Mas-</span> <span class='ocrx_word' id='word_1_81' title='bbox 1118 1142 1152 1195; x_wconf 89' lang='lat'>10</span> 
     </span>
     <span class='ocr_line' id='line_1_12' title="bbox 155 1218 1105 1298; baseline 0.005 -23"><span class='ocrx_word' id='word_1_82' title='bbox 155 1218 326 1275; x_wconf 86' lang='lat' dir='ltr'>siliensibus</span> <span class='ocrx_word' id='word_1_83' title='bbox 354 1228 383 1277; x_wconf 87' lang='lat' dir='ltr'>et</span> <span class='ocrx_word' id='word_1_84' title='bbox 411 1220 602 1278; x_wconf 81' lang='lat' dir='ltr'>auxiliaribus</span> <span class='ocrx_word' id='word_1_85' title='bbox 630 1221 726 1279; x_wconf 91' lang='lat' dir='ltr'>Gallis</span> <span class='ocrx_word' id='word_1_86' title='bbox 750 1221 786 1277; x_wconf 91' lang='lat' dir='ltr'>ad</span> <span class='ocrx_word' id='word_1_87' title='bbox 810 1222 987 1298; x_wconf 85' lang='lat' dir='ltr'>exploranda</span> <span class='ocrx_word' id='word_1_88' title='bbox 1007 1224 1105 1280; x_wconf 84' lang='lat' dir='ltr'>omnia</span> 
     </span>
     <span class='ocr_line' id='line_1_13' title="bbox 155 1297 1105 1377; baseline 0.005 -24"><span class='ocrx_word' id='word_1_89' title='bbox 155 1297 351 1373; x_wconf 85' lang='lat' dir='ltr'>visendosque</span> <span class='ocrx_word' id='word_1_90' title='bbox 374 1317 410 1355; x_wconf 87' lang='lat' dir='ltr'>ex</span> <span class='ocrx_word' id='word_1_91' title='bbox 431 1308 491 1356; x_wconf 89' lang='lat' dir='ltr'>tuto</span> <span class='ocrx_word' id='word_1_92' title='bbox 515 1300 610 1357; x_wconf 88' lang='lat' dir='ltr'>hostes</span> <span class='ocrx_word' id='word_1_93' title='bbox 631 1299 785 1377; x_wconf 74' lang='lat' dir='ltr'>praemittit.</span> <span class='ocrx_word' id='word_1_94' title='bbox 827 1300 985 1371; x_wconf 84' lang='lat' dir='ltr'>Hannibal,</span> <span class='ocrx_word' id='word_1_95' title='bbox 1000 1303 1105 1360; x_wconf 88' lang='lat' dir='ltr'>ceteris</span> 
     </span>
     <span class='ocr_line' id='line_1_14' title="bbox 155 1378 1105 1512; baseline 0.004 -80"><span class='ocrx_word' id='word_1_96' title='bbox 155 1386 236 1433; x_wconf 87' lang='lat' dir='ltr'>metu</span> <span class='ocrx_word' id='word_1_97' title='bbox 266 1386 317 1434; x_wconf 91' lang='lat' dir='ltr'>aut</span> <span class='ocrx_word' id='word_1_98' title='bbox 345 1378 436 1453; x_wconf 90' lang='lat' dir='ltr'>pretio</span> <span class='ocrx_word' id='word_1_99' title='bbox 453 1379 576 1512; x_wconf 79' lang='lat' dir='ltr'>pacatis,</span> <span class='ocrx_word' id='word_1_100' title='bbox 601 1379 663 1455; x_wconf 90' lang='lat' dir='ltr'>jam</span> <span class='ocrx_word' id='word_1_101' title='bbox 690 1380 721 1435; x_wconf 90' lang='lat' dir='ltr'>in</span> <span class='ocrx_word' id='word_1_102' title='bbox 748 1378 907 1436; x_wconf 83' lang='lat' dir='ltr'>Volcarum</span> <span class='ocrx_word' id='word_1_103' title='bbox 935 1389 1105 1455; x_wconf 88' lang='lat' dir='ltr'>pervenerat</span> 
     </span>
     <span class='ocr_line' id='line_1_15' title="bbox 155 1458 1105 1534; baseline 0.003 -23"><span class='ocrx_word' id='word_1_104' title='bbox 155 1473 274 1532; x_wconf 86' lang='lat' dir='ltr'>agrum,</span> <span class='ocrx_word' id='word_1_105' title='bbox 289 1458 384 1532; x_wconf 85' lang='lat' dir='ltr'>gentis</span> <span class='ocrx_word' id='word_1_106' title='bbox 393 1458 451 1513; x_wconf 88' lang='lat' dir='ltr'>vali</span> <span class='ocrx_word' id='word_1_107' title='bbox 472 1476 512 1513; x_wconf 83' lang='lat' dir='ltr'>ae:</span> <span class='ocrx_word' id='word_1_108' title='bbox 534 1458 633 1515; x_wconf 89' lang='lat' dir='ltr'>colunt</span> <span class='ocrx_word' id='word_1_109' title='bbox 645 1467 742 1514; x_wconf 87' lang='lat' dir='ltr'>autem</span> <span class='ocrx_word' id='word_1_110' title='bbox 756 1458 836 1513; x_wconf 88' lang='lat' dir='ltr'>circa</span> <span class='ocrx_word' id='word_1_111' title='bbox 847 1468 999 1533; x_wconf 88' lang='lat' dir='ltr'>utramque</span> <span class='ocrx_word' id='word_1_112' title='bbox 1012 1459 1105 1534; x_wconf 89' lang='lat' dir='ltr'>ripam</span> 
     </span>
     <span class='ocr_line' id='line_1_16' title="bbox 156 1514 1154 1613; baseline 0.005 -21"><span class='ocrx_word' id='word_1_113' title='bbox 156 1534 310 1592; x_wconf 89' lang='lat' dir='ltr'>Rhodani:</span> <span class='ocrx_word' id='word_1_114' title='bbox 334 1535 394 1605; x_wconf 91' lang='lat' dir='ltr'>sed,</span> <span class='ocrx_word' id='word_1_115' title='bbox 409 1514 494 1593; x_wconf 81' lang='lat' dir='ltr'>diffisi</span> <span class='ocrx_word' id='word_1_116' title='bbox 517 1537 650 1594; x_wconf 89' lang='lat' dir='ltr'>citeriore</span> <span class='ocrx_word' id='word_1_117' title='bbox 668 1554 738 1613; x_wconf 85' lang='lat' dir='ltr'>agro</span> <span class='ocrx_word' id='word_1_118' title='bbox 752 1536 847 1593; x_wconf 89' lang='lat' dir='ltr'>arceri</span> <span class='ocrx_word' id='word_1_119' title='bbox 868 1535 990 1593; x_wconf 89' lang='lat' dir='ltr'>Poenum</span> <span class='ocrx_word' id='word_1_120' title='bbox 1011 1555 1102 1612; x_wconf 91' lang='lat' dir='ltr'>posse,</span> <span class='ocrx_word' id='word_1_121' title='bbox 1117 1542 1154 1597; x_wconf 77' lang='lat'>1⁵</span> 
     </span>
     <span class='ocr_line' id='line_1_17' title="bbox 156 1613 1105 1689; baseline 0 -18"><span class='ocrx_word' id='word_1_122' title='bbox 156 1624 188 1671; x_wconf 92' lang='lat' dir='ltr'>ut</span> <span class='ocrx_word' id='word_1_123' title='bbox 210 1615 321 1671; x_wconf 88' lang='lat' dir='ltr'>flumen</span> <span class='ocrx_word' id='word_1_124' title='bbox 340 1634 391 1689; x_wconf 89' lang='lat' dir='ltr'>pro</span> <span class='ocrx_word' id='word_1_125' title='bbox 412 1615 590 1674; x_wconf 91' lang='lat' dir='ltr'>munimento</span> <span class='ocrx_word' id='word_1_126' title='bbox 611 1615 758 1684; x_wconf 87' lang='lat' dir='ltr'>haberent,</span> <span class='ocrx_word' id='word_1_127' title='bbox 776 1615 909 1672; x_wconf 91' lang='lat' dir='ltr'>omnibus</span> <span class='ocrx_word' id='word_1_128' title='bbox 930 1613 1020 1671; x_wconf 83' lang='lat' dir='ltr'>ferme</span> <span class='ocrx_word' id='word_1_129' title='bbox 1044 1616 1105 1671; x_wconf 92' lang='lat' dir='ltr'>suis</span> 
     </span>
     <span class='ocr_line' id='line_1_18' title="bbox 154 1692 1105 1770; baseline 0.001 -20"><span class='ocrx_word' id='word_1_130' title='bbox 154 1702 239 1750; x_wconf 89' lang='lat' dir='ltr'>trans</span> <span class='ocrx_word' id='word_1_131' title='bbox 263 1692 436 1751; x_wconf 86' lang='lat' dir='ltr'>Rhodanum</span> <span class='ocrx_word' id='word_1_132' title='bbox 459 1694 588 1770; x_wconf 84' lang='lat' dir='ltr'>trajectis</span> <span class='ocrx_word' id='word_1_133' title='bbox 611 1694 777 1751; x_wconf 87' lang='lat' dir='ltr'>ulteriorem</span> <span class='ocrx_word' id='word_1_134' title='bbox 798 1695 890 1769; x_wconf 89' lang='lat' dir='ltr'>ripam</span> <span class='ocrx_word' id='word_1_135' title='bbox 909 1694 1002 1750; x_wconf 89' lang='lat' dir='ltr'>amnis</span> <span class='ocrx_word' id='word_1_136' title='bbox 1016 1696 1105 1751; x_wconf 89' lang='lat' dir='ltr'>armis</span> 
     </span>
     <span class='ocr_line' id='line_1_19' title="bbox 155 1772 1104 1831; baseline 0.001 -3"><span class='ocrx_word' id='word_1_137' title='bbox 155 1773 334 1829; x_wconf 90' lang='lat' dir='ltr'>obtinebant.</span> <span class='ocrx_word' id='word_1_138' title='bbox 377 1772 495 1831; x_wconf 89' lang='lat' dir='ltr'>Ceteros</span> <span class='ocrx_word' id='word_1_139' title='bbox 510 1774 625 1831; x_wconf 85' lang='lat' dir='ltr'>accolas</span> <span class='ocrx_word' id='word_1_140' title='bbox 646 1774 773 1831; x_wconf 90' lang='lat' dir='ltr'>fluminis</span> <span class='ocrx_word' id='word_1_141' title='bbox 788 1773 935 1830; x_wconf 89' lang='lat' dir='ltr'>Hannibal</span> <span class='ocrx_word' id='word_1_142' title='bbox 954 1782 983 1829; x_wconf 89' lang='lat' dir='ltr'>et</span> <span class='ocrx_word' id='word_1_143' title='bbox 1002 1791 1104 1830; x_wconf 90' lang='lat' dir='ltr'>eorum</span> 
     </span>
     <span class='ocr_line' id='line_1_20' title="bbox 155 1851 1103 1929; baseline 0.001 -21"><span class='ocrx_word' id='word_1_144' title='bbox 155 1852 296 1928; x_wconf 91' lang='lat' dir='ltr'>ipsorum,</span> <span class='ocrx_word' id='word_1_145' title='bbox 311 1871 384 1927; x_wconf 92' lang='lat' dir='ltr'>quos</span> <span class='ocrx_word' id='word_1_146' title='bbox 397 1851 481 1909; x_wconf 89' lang='lat' dir='ltr'>sedes</span> <span class='ocrx_word' id='word_1_147' title='bbox 495 1871 556 1910; x_wconf 85' lang='lat' dir='ltr'>suae</span> <span class='ocrx_word' id='word_1_148' title='bbox 570 1863 732 1921; x_wconf 88' lang='lat' dir='ltr'>tenuerant,</span> <span class='ocrx_word' id='word_1_149' title='bbox 747 1852 834 1909; x_wconf 93' lang='lat' dir='ltr'>simul</span> <span class='ocrx_word' id='word_1_150' title='bbox 849 1852 958 1929; x_wconf 89' lang='lat' dir='ltr'>pellicit</span> <span class='ocrx_word' id='word_1_151' title='bbox 971 1851 1052 1909; x_wconf 89' lang='lat' dir='ltr'>donis</span> <span class='ocrx_word' id='word_1_152' title='bbox 1067 1852 1103 1909; x_wconf 87' lang='lat' dir='ltr'>ad</span> 
     </span>
     <span class='ocr_line' id='line_1_21' title="bbox 155 1930 1153 2007; baseline 0.002 -20"><span class='ocrx_word' id='word_1_153' title='bbox 155 1949 249 1988; x_wconf 86' lang='lat' dir='ltr'>naves</span> <span class='ocrx_word' id='word_1_154' title='bbox 274 1931 402 2007; x_wconf 90' lang='lat' dir='ltr'>undique</span> <span class='ocrx_word' id='word_1_155' title='bbox 427 1931 637 1989; x_wconf 87' lang='lat' dir='ltr'>contrahendas</span> <span class='ocrx_word' id='word_1_156' title='bbox 665 1930 923 2007; x_wconf 83' lang='lat' dir='ltr'>fabricandesque3</span> <span class='ocrx_word' id='word_1_157' title='bbox 959 1932 1046 1988; x_wconf 92' lang='lat' dir='ltr'>simul</span> <span class='ocrx_word' id='word_1_158' title='bbox 1074 1941 1103 1989; x_wconf 94' lang='lat' dir='ltr'>et</span> <span class='ocrx_word' id='word_1_159' title='bbox 1111 1936 1153 1991; x_wconf 85' lang='lat'>20</span> 
     </span>
     <span class='ocr_line' id='line_1_22' title="bbox 155 2009 1103 2087; baseline 0 -21"><span class='ocrx_word' id='word_1_160' title='bbox 155 2010 212 2086; x_wconf 88' lang='lat' dir='ltr'>ipsi</span> <span class='ocrx_word' id='word_1_161' title='bbox 234 2009 333 2086; x_wconf 87' lang='lat' dir='ltr'>trajici</span> <span class='ocrx_word' id='word_1_162' title='bbox 356 2012 517 2067; x_wconf 86' lang='lat' dir='ltr'>exercitum</span> <span class='ocrx_word' id='word_1_163' title='bbox 542 2010 691 2087; x_wconf 91' lang='lat' dir='ltr'>levarique</span> <span class='ocrx_word' id='word_1_164' title='bbox 715 2011 931 2086; x_wconf 90' lang='lat' dir='ltr'>quamprimum</span> <span class='ocrx_word' id='word_1_165' title='bbox 956 2010 1103 2086; x_wconf 87' lang='lat' dir='ltr'>regionem</span> 
     </span>
     <span class='ocr_line' id='line_1_23' title="bbox 154 2087 1103 2167; baseline 0.002 -22"><span class='ocrx_word' id='word_1_166' title='bbox 154 2107 242 2145; x_wconf 87' lang='lat' dir='ltr'>suam</span> <span class='ocrx_word' id='word_1_167' title='bbox 264 2098 344 2146; x_wconf 90' lang='lat' dir='ltr'>tanta</span> <span class='ocrx_word' id='word_1_168' title='bbox 366 2088 515 2146; x_wconf 90' lang='lat' dir='ltr'>hominum</span> <span class='ocrx_word' id='word_1_169' title='bbox 538 2100 658 2167; x_wconf 88' lang='lat' dir='ltr'>urgente</span> <span class='ocrx_word' id='word_1_170' title='bbox 681 2091 767 2146; x_wconf 90' lang='lat' dir='ltr'>turba</span> <span class='ocrx_word' id='word_1_171' title='bbox 787 2088 952 2166; x_wconf 91' lang='lat' dir='ltr'>cupiebant.</span> <span class='ocrx_word' id='word_1_172' title='bbox 1002 2087 1103 2164; x_wconf 88' lang='lat' dir='ltr'>ltaque</span> 
     </span>
     <span class='ocr_line' id='line_1_24' title="bbox 154 2167 1102 2245; baseline -0.002 -20"><span class='ocrx_word' id='word_1_173' title='bbox 154 2168 261 2245; x_wconf 85' lang='lat' dir='ltr'>ingens</span> <span class='ocrx_word' id='word_1_174' title='bbox 275 2177 377 2225; x_wconf 88' lang='lat' dir='ltr'>coacta</span> <span class='ocrx_word' id='word_1_175' title='bbox 399 2169 443 2225; x_wconf 90' lang='lat' dir='ltr'>vis</span> <span class='ocrx_word' id='word_1_176' title='bbox 456 2168 577 2225; x_wconf 89' lang='lat' dir='ltr'>navium</span> <span class='ocrx_word' id='word_1_177' title='bbox 591 2179 634 2226; x_wconf 90' lang='lat' dir='ltr'>est</span> <span class='ocrx_word' id='word_1_178' title='bbox 648 2169 836 2244; x_wconf 91' lang='lat' dir='ltr'>lintriumque</span> <span class='ocrx_word' id='word_1_179' title='bbox 859 2177 967 2225; x_wconf 90' lang='lat' dir='ltr'>temere</span> <span class='ocrx_word' id='word_1_180' title='bbox 982 2167 1018 2225; x_wconf 87' lang='lat' dir='ltr'>ad</span> <span class='ocrx_word' id='word_1_181' title='bbox 1033 2167 1102 2225; x_wconf 86' lang='lat' dir='ltr'>vici-</span> 
     </span>
     <span class='ocr_line' id='line_1_25' title="bbox 154 2245 1102 2324; baseline 0.001 -21"><span class='ocrx_word' id='word_1_182' title='bbox 154 2248 256 2304; x_wconf 87' lang='lat' dir='ltr'>nalem</span> <span class='ocrx_word' id='word_1_183' title='bbox 276 2265 363 2303; x_wconf 91' lang='lat' dir='ltr'>usum</span> <span class='ocrx_word' id='word_1_184' title='bbox 388 2257 573 2323; x_wconf 87' lang='lat' dir='ltr'>paratarum:</span> <span class='ocrx_word' id='word_1_185' title='bbox 605 2266 752 2324; x_wconf 89' lang='lat' dir='ltr'>novasque</span> <span class='ocrx_word' id='word_1_186' title='bbox 775 2248 849 2305; x_wconf 86' lang='lat' dir='ltr'>alies</span> <span class='ocrx_word' id='word_1_187' title='bbox 872 2248 997 2324; x_wconf 92' lang='lat' dir='ltr'>primum</span> <span class='ocrx_word' id='word_1_188' title='bbox 1023 2245 1102 2304; x_wconf 90' lang='lat' dir='ltr'>Galli</span> 
     </span>
     <span class='ocr_line' id='line_1_26' title="bbox 155 2325 1151 2405; baseline 0.004 -22"><span class='ocrx_word' id='word_1_189' title='bbox 155 2326 328 2400; x_wconf 83' lang='lat' dir='ltr'>inchoantes</span> <span class='ocrx_word' id='word_1_190' title='bbox 341 2325 484 2383; x_wconf 88' lang='lat' dir='ltr'>cavabant</span> <span class='ocrx_word' id='word_1_191' title='bbox 505 2345 541 2383; x_wconf 84' lang='lat' dir='ltr'>ex</span> <span class='ocrx_word' id='word_1_192' title='bbox 555 2327 677 2405; x_wconf 88' lang='lat' dir='ltr'>singulis</span> <span class='ocrx_word' id='word_1_193' title='bbox 699 2327 858 2396; x_wconf 83' lang='lat' dir='ltr'>arbbribus,</span> <span class='ocrx_word' id='word_1_194' title='bbox 872 2326 975 2384; x_wconf 89' lang='lat' dir='ltr'>deinde</span> <span class='ocrx_word' id='word_1_195' title='bbox 995 2336 1024 2383; x_wconf 90' lang='lat' dir='ltr'>et</span> <span class='ocrx_word' id='word_1_196' title='bbox 1048 2327 1151 2403; x_wconf 74' lang='lat' dir='ltr'>ipsias</span> 
     </span>
     <span class='ocr_line' id='line_1_27' title="bbox 155 2404 1101 2481; baseline 0.002 -20"><span class='ocrx_word' id='word_1_197' title='bbox 155 2406 273 2475; x_wconf 87' lang='lat' dir='ltr'>milites,</span> <span class='ocrx_word' id='word_1_198' title='bbox 286 2404 372 2462; x_wconf 90' lang='lat' dir='ltr'>simul</span> <span class='ocrx_word' id='word_1_199' title='bbox 388 2405 471 2479; x_wconf 90' lang='lat' dir='ltr'>copia</span> <span class='ocrx_word' id='word_1_200' title='bbox 485 2406 614 2463; x_wconf 82' lang='lat' dir='ltr'>materiae</span> <span class='ocrx_word' id='word_1_201' title='bbox 627 2406 714 2463; x_wconf 84' lang='lat' dir='ltr'>simul</span> <span class='ocrx_word' id='word_1_202' title='bbox 729 2405 866 2463; x_wconf 86' lang='lat' dir='ltr'>facilitate</span> <span class='ocrx_word' id='word_1_203' title='bbox 877 2407 971 2481; x_wconf 91' lang='lat' dir='ltr'>operis</span> <span class='ocrx_word' id='word_1_204' title='bbox 981 2405 1101 2474; x_wconf 89' lang='lat' dir='ltr'>inducti,</span> 
     </span>
     <span class='ocr_line' id='line_1_28' title="bbox 156 2482 1205 2560; baseline 0 -20"><span class='ocrx_word' id='word_1_205' title='bbox 156 2484 257 2541; x_wconf 86' lang='lat' dir='ltr'>alveos</span> <span class='ocrx_word' id='word_1_206' title='bbox 281 2482 428 2553; x_wconf 87' lang='lat' dir='ltr'>informes,</span> <span class='ocrx_word' id='word_1_207' title='bbox 452 2483 534 2554; x_wconf 94' lang='lat' dir='ltr'>nihil,</span> <span class='ocrx_word' id='word_1_208' title='bbox 550 2484 703 2542; x_wconf 92' lang='lat' dir='ltr'>dummodo</span> <span class='ocrx_word' id='word_1_209' title='bbox 724 2486 825 2542; x_wconf 89' lang='lat' dir='ltr'>innare</span> <span class='ocrx_word' id='word_1_210' title='bbox 847 2502 931 2560; x_wconf 87' lang='lat' dir='ltr'>aquae</span> <span class='ocrx_word' id='word_1_211' title='bbox 949 2493 978 2540; x_wconf 89' lang='lat' dir='ltr'>et</span> <span class='ocrx_word' id='word_1_212' title='bbox 997 2502 1101 2559; x_wconf 88' lang='lat' dir='ltr'>capere</span> <span class='ocrx_word' id='word_1_213' title='bbox 1202 2516 1205 2519; x_wconf 40' lang='lat'><strong>⁴</strong></span> 
     </span>
     <span class='ocr_line' id='line_1_29' title="bbox 155 2563 1102 2640; baseline -0.001 -21"><span class='ocrx_word' id='word_1_214' title='bbox 155 2581 246 2619; x_wconf 89' lang='lat' dir='ltr'>onera</span> <span class='ocrx_word' id='word_1_215' title='bbox 260 2572 384 2640; x_wconf 91' lang='lat' dir='ltr'>possent,</span> <span class='ocrx_word' id='word_1_216' title='bbox 400 2572 536 2620; x_wconf 84' lang='lat' dir='ltr'>curantes</span> <span class='ocrx_word' id='word_1_217' title='bbox 557 2564 670 2638; x_wconf 89' lang='lat' dir='ltr'>raptim,</span> <span class='ocrx_word' id='word_1_218' title='bbox 686 2563 791 2637; x_wconf 92' lang='lat' dir='ltr'>quibus</span> <span class='ocrx_word' id='word_1_219' title='bbox 804 2580 835 2618; x_wconf 89' lang='lat' dir='ltr'>se</span> <span class='ocrx_word' id='word_1_220' title='bbox 850 2579 960 2638; x_wconf 88' lang='lat' dir='ltr'>suaque</span> <span class='ocrx_word' id='word_1_221' title='bbox 975 2571 1102 2618; x_wconf 89' lang='lat' dir='ltr'>transve-</span> 
     </span>
     <span class='ocr_line' id='line_1_30' title="bbox 155 2639 1101 2717; baseline -0.001 -20"><span class='ocrx_word' id='word_1_222' title='bbox 155 2640 268 2710; x_wconf 90' lang='lat' dir='ltr'>herent,</span> <span class='ocrx_word' id='word_1_223' title='bbox 292 2639 447 2697; x_wconf 88' lang='lat' dir='ltr'>saciebant.</span> <span class='ocrx_word' id='word_1_224' title='bbox 490 2640 615 2699; x_wconf 87' lang='lat' dir='ltr'><strong>XXVII.</strong></span> <span class='ocrx_word' id='word_1_225' title='bbox 637 2639 762 2717; x_wconf 87' lang='lat' dir='ltr'>Jamque</span> <span class='ocrx_word' id='word_1_226' title='bbox 780 2640 912 2696; x_wconf 88' lang='lat' dir='ltr'>omnibus</span> <span class='ocrx_word' id='word_1_227' title='bbox 936 2640 1005 2696; x_wconf 91' lang='lat' dir='ltr'>satis</span> <span class='ocrx_word' id='word_1_228' title='bbox 1026 2658 1101 2696; x_wconf 89' lang='lat' dir='ltr'>com-</span> 
     </span>
    </p>
   </div>
   <div class='ocr_carea' id='block_1_3' title="bbox 155 2717 1248 2797">
    <p class='ocr_par' dir='ltr' id='par_1_3' title="bbox 155 2717 1248 2797">
     <span class='ocr_line' id='line_1_31' title="bbox 155 2717 1248 2797; baseline 0.003 -22"><span class='ocrx_word' id='word_1_229' title='bbox 155 2721 266 2797; x_wconf 88' lang='lat' dir='ltr'>paratis</span> <span class='ocrx_word' id='word_1_230' title='bbox 278 2719 315 2776; x_wconf 85' lang='lat' dir='ltr'>ad</span> <span class='ocrx_word' id='word_1_231' title='bbox 324 2719 535 2795; x_wconf 88' lang='lat' dir='ltr'>trajiciendum,</span> <span class='ocrx_word' id='word_1_232' title='bbox 545 2719 691 2778; x_wconf 87' lang='lat' dir='ltr'>terrebant</span> <span class='ocrx_word' id='word_1_233' title='bbox 699 2739 736 2777; x_wconf 83' lang='lat' dir='ltr'>ex</span> <span class='ocrx_word' id='word_1_234' title='bbox 747 2717 867 2776; x_wconf 88' lang='lat' dir='ltr'>adverso</span> <span class='ocrx_word' id='word_1_235' title='bbox 876 2718 979 2788; x_wconf 79' lang='lat' dir='ltr'>hosteS,</span> <span class='ocrx_word' id='word_1_236' title='bbox 988 2737 1102 2775; x_wconf 87' lang='lat' dir='ltr'>omnem</span> <span class='ocrx_word' id='word_1_237' title='bbox 1113 2723 1152 2777; x_wconf 83' lang='lat'>30</span> <span class='ocrx_word' id='word_1_238' title='bbox 1242 2742 1248 2752; x_wconf 91' lang='lat'><em>·</em></span> 
     </span>
    </p>
   </div>
   <div class='ocr_carea' id='block_1_4' title="bbox 139 2794 1184 3901">
    <p class='ocr_par' dir='ltr' id='par_1_4' title="bbox 139 2794 1184 3901">
     <span class='ocr_line' id='line_1_32' title="bbox 155 2794 1102 2876; baseline -0.002 -20"><span class='ocrx_word' id='word_1_239' title='bbox 155 2800 251 2875; x_wconf 90' lang='lat' dir='ltr'>ripam</span> <span class='ocrx_word' id='word_1_240' title='bbox 265 2799 378 2874; x_wconf 90' lang='lat' dir='ltr'>equites</span> <span class='ocrx_word' id='word_1_241' title='bbox 393 2800 504 2875; x_wconf 90' lang='lat' dir='ltr'>virique</span> <span class='ocrx_word' id='word_1_242' title='bbox 518 2800 696 2873; x_wconf 83' lang='lat' dir='ltr'>obtinentes3</span> <span class='ocrx_word' id='word_1_243' title='bbox 719 2817 791 2876; x_wconf 91' lang='lat' dir='ltr'>quos</span> <span class='ocrx_word' id='word_1_244' title='bbox 806 2806 837 2854; x_wconf 93' lang='lat' dir='ltr'>ut</span> <span class='ocrx_word' id='word_1_245' title='bbox 857 2806 1007 2868; x_wconf 85' lang='lat' dir='ltr'>averteret,</span> <span class='ocrx_word' id='word_1_246' title='bbox 1022 2794 1102 2854; x_wconf 89' lang='lat' dir='ltr'>Han-</span> 
     </span>
     <span class='ocr_line' id='line_1_33' title="bbox 155 2877 1103 2955; baseline -0.003 -18"><span class='ocrx_word' id='word_1_247' title='bbox 155 2896 263 2937; x_wconf 87' lang='lat' dir='ltr'>nonem</span> <span class='ocrx_word' id='word_1_248' title='bbox 284 2877 458 2936; x_wconf 88' lang='lat' dir='ltr'>Bomilcaris</span> <span class='ocrx_word' id='word_1_249' title='bbox 479 2878 573 2935; x_wconf 85' lang='lat' dir='ltr'>filium</span> <span class='ocrx_word' id='word_1_250' title='bbox 587 2878 688 2955; x_wconf 86' lang='lat' dir='ltr'>vigilia</span> <span class='ocrx_word' id='word_1_251' title='bbox 711 2878 805 2955; x_wconf 87' lang='lat' dir='ltr'>prima</span> <span class='ocrx_word' id='word_1_252' title='bbox 825 2878 916 2935; x_wconf 89' lang='lat' dir='ltr'>noctis</span> <span class='ocrx_word' id='word_1_253' title='bbox 929 2895 998 2935; x_wconf 90' lang='lat' dir='ltr'>curn</span> <span class='ocrx_word' id='word_1_254' title='bbox 1022 2888 1103 2954; x_wconf 88' lang='lat' dir='ltr'>parte</span> 
     </span>
     <span class='ocr_line' id='line_1_34' title="bbox 156 2954 1184 3034; baseline -0.002 -19"><span class='ocrx_word' id='word_1_255' title='bbox 156 2958 318 3033; x_wconf 83' lang='lat' dir='ltr'>copiarum,</span> <span class='ocrx_word' id='word_1_256' title='bbox 342 2954 473 3014; x_wconf 69' lang='lat' dir='ltr'>&#39;maxime</span> <span class='ocrx_word' id='word_1_257' title='bbox 500 2954 647 3034; x_wconf 89' lang='lat' dir='ltr'>Hispanis,</span> <span class='ocrx_word' id='word_1_258' title='bbox 676 2956 798 3015; x_wconf 84' lang='lat' dir='ltr'>adverso</span> <span class='ocrx_word' id='word_1_259' title='bbox 825 2956 943 3015; x_wconf 87' lang='lat' dir='ltr'>flumine</span> <span class='ocrx_word' id='word_1_260' title='bbox 970 2957 1013 3015; x_wconf 89' lang='lat' dir='ltr'>ire</span> <span class='ocrx_word' id='word_1_261' title='bbox 1048 2957 1103 3015; x_wconf 86' lang='lat' dir='ltr'>iter</span> <span class='ocrx_word' id='word_1_262' title='bbox 1176 3008 1184 3028; x_wconf 71' lang='lat'>,</span> 
     </span>
     <span class='ocr_line' id='line_1_35' title="bbox 157 3034 1102 3115; baseline 0 -22"><span class='ocrx_word' id='word_1_263' title='bbox 157 3038 247 3093; x_wconf 90' lang='lat' dir='ltr'>unius</span> <span class='ocrx_word' id='word_1_264' title='bbox 261 3034 319 3093; x_wconf 90' lang='lat' dir='ltr'>diei</span> <span class='ocrx_word' id='word_1_265' title='bbox 330 3035 423 3112; x_wconf 88' lang='lat' dir='ltr'>jubet,</span> <span class='ocrx_word' id='word_1_266' title='bbox 439 3046 476 3105; x_wconf 88' lang='lat' dir='ltr'>et,</span> <span class='ocrx_word' id='word_1_267' title='bbox 492 3035 541 3094; x_wconf 93' lang='lat' dir='ltr'>ubi</span> <span class='ocrx_word' id='word_1_268' title='bbox 555 3037 680 3113; x_wconf 90' lang='lat' dir='ltr'>primum</span> <span class='ocrx_word' id='word_1_269' title='bbox 695 3036 791 3115; x_wconf 93' lang='lat' dir='ltr'>possit,</span> <span class='ocrx_word' id='word_1_270' title='bbox 806 3054 894 3112; x_wconf 91' lang='lat' dir='ltr'>quam</span> <span class='ocrx_word' id='word_1_271' title='bbox 908 3036 1102 3100; x_wconf 88' lang='lat' dir='ltr'>occultissime</span> 
     </span>
     <span class='ocr_line' id='line_1_36' title="bbox 156 3114 1151 3194; baseline 0.003 -22"><span class='ocrx_word' id='word_1_272' title='bbox 156 3114 279 3191; x_wconf 88' lang='lat' dir='ltr'>trajecto</span> <span class='ocrx_word' id='word_1_273' title='bbox 303 3115 391 3184; x_wconf 90' lang='lat' dir='ltr'>amni,</span> <span class='ocrx_word' id='word_1_274' title='bbox 416 3114 637 3173; x_wconf 87' lang='lat' dir='ltr'>circumducere</span> <span class='ocrx_word' id='word_1_275' title='bbox 659 3134 773 3194; x_wconf 84' lang='lat' dir='ltr'>agmen,</span> <span class='ocrx_word' id='word_1_276' title='bbox 796 3124 836 3185; x_wconf 93' lang='lat' dir='ltr'>ut,</span> <span class='ocrx_word' id='word_1_277' title='bbox 851 3134 923 3173; x_wconf 86' lang='lat' dir='ltr'>cum·</span> <span class='ocrx_word' id='word_1_278' title='bbox 933 3135 1006 3192; x_wconf 92' lang='lat' dir='ltr'>opus</span> <span class='ocrx_word' id='word_1_279' title='bbox 1026 3115 1103 3173; x_wconf 86' lang='lat' dir='ltr'>facto</span> <span class='ocrx_word' id='word_1_280' title='bbox 1113 3120 1151 3175; x_wconf 76' lang='lat'>3³</span> 
     </span>
     <span class='ocr_line' id='line_1_37' title="bbox 156 3193 1103 3270; baseline 0 -19"><span class='ocrx_word' id='word_1_281' title='bbox 156 3195 203 3264; x_wconf 86' lang='lat' dir='ltr'>sit,</span> <span class='ocrx_word' id='word_1_282' title='bbox 225 3193 373 3251; x_wconf 87' lang='lat' dir='ltr'>adoriatur</span> <span class='ocrx_word' id='word_1_283' title='bbox 394 3193 431 3251; x_wconf 89' lang='lat' dir='ltr'>ab</span> <span class='ocrx_word' id='word_1_284' title='bbox 445 3203 525 3270; x_wconf 88' lang='lat' dir='ltr'>tergo</span> <span class='ocrx_word' id='word_1_285' title='bbox 546 3194 666 3251; x_wconf 89' lang='lat' dir='ltr'>hostem.</span> <span class='ocrx_word' id='word_1_286' title='bbox 708 3194 757 3251; x_wconf 90' lang='lat' dir='ltr'>Ad</span> <span class='ocrx_word' id='word_1_287' title='bbox 779 3194 807 3251; x_wconf 90' lang='lat' dir='ltr'>id</span> <span class='ocrx_word' id='word_1_288' title='bbox 827 3193 886 3251; x_wconf 88' lang='lat' dir='ltr'>dati</span> <span class='ocrx_word' id='word_1_289' title='bbox 909 3195 998 3252; x_wconf 92' lang='lat' dir='ltr'>duces</span> <span class='ocrx_word' id='word_1_290' title='bbox 1023 3195 1103 3252; x_wconf 89' lang='lat' dir='ltr'>Galli</span> 
     </span>
     <span class='ocr_line' id='line_1_38' title="bbox 157 3270 1103 3351; baseline 0 -22"><span class='ocrx_word' id='word_1_291' title='bbox 157 3273 289 3340; x_wconf 87' lang='lat' dir='ltr'>edocent,</span> <span class='ocrx_word' id='word_1_292' title='bbox 304 3272 371 3329; x_wconf 91' lang='lat' dir='ltr'>inde</span> <span class='ocrx_word' id='word_1_293' title='bbox 385 3272 479 3329; x_wconf 89' lang='lat' dir='ltr'>millia</span> <span class='ocrx_word' id='word_1_294' title='bbox 492 3273 619 3348; x_wconf 90' lang='lat' dir='ltr'>quinque</span> <span class='ocrx_word' id='word_1_295' title='bbox 635 3283 664 3331; x_wconf 88' lang='lat' dir='ltr'>et</span> <span class='ocrx_word' id='word_1_296' title='bbox 682 3274 784 3351; x_wconf 85' lang='lat' dir='ltr'>viginti</span> <span class='ocrx_word' id='word_1_297' title='bbox 799 3270 889 3329; x_wconf 78' lang='lat' dir='ltr'>ferme</span> <span class='ocrx_word' id='word_1_298' title='bbox 903 3291 991 3347; x_wconf 88' lang='lat' dir='ltr'>supra</span> <span class='ocrx_word' id='word_1_299' title='bbox 1006 3292 1103 3350; x_wconf 77' lang='lat' dir='ltr'>parvm</span> 
     </span>
     <span class='ocr_line' id='line_1_39' title="bbox 157 3350 1101 3421; baseline -0.001 -14"><span class='ocrx_word' id='word_1_300' title='bbox 157 3352 262 3408; x_wconf 83' lang='lat' dir='ltr'>insulae</span> <span class='ocrx_word' id='word_1_301' title='bbox 285 3350 498 3408; x_wconf 87' lang='lat' dir='ltr'>circumfusum</span> <span class='ocrx_word' id='word_1_302' title='bbox 523 3370 637 3408; x_wconf 88' lang='lat' dir='ltr'>amnem</span> <span class='ocrx_word' id='word_1_303' title='bbox 664 3351 805 3421; x_wconf 88' lang='lat' dir='ltr'>latiorem,</span> <span class='ocrx_word' id='word_1_304' title='bbox 835 3351 885 3407; x_wconf 91' lang='lat' dir='ltr'>ubi</span> <span class='ocrx_word' id='word_1_305' title='bbox 912 3350 1101 3421; x_wconf 87' lang='lat' dir='ltr'>dividebatur,</span> 
     </span>
     <span class='ocr_line' id='line_1_40' title="bbox 158 3428 1103 3505; baseline -0.001 -19"><span class='ocrx_word' id='word_1_306' title='bbox 158 3448 250 3505; x_wconf 86' lang='lat' dir='ltr'>eoque</span> <span class='ocrx_word' id='word_1_307' title='bbox 274 3430 371 3487; x_wconf 92' lang='lat' dir='ltr'>minus</span> <span class='ocrx_word' id='word_1_308' title='bbox 387 3430 444 3487; x_wconf 92' lang='lat' dir='ltr'>alto</span> <span class='ocrx_word' id='word_1_309' title='bbox 459 3430 541 3487; x_wconf 88' lang='lat' dir='ltr'>alveo</span> <span class='ocrx_word' id='word_1_310' title='bbox 561 3431 714 3487; x_wconf 88' lang='lat' dir='ltr'>transitum</span> <span class='ocrx_word' id='word_1_311' title='bbox 735 3430 893 3488; x_wconf 89' lang='lat' dir='ltr'>ostendere.</span> <span class='ocrx_word' id='word_1_312' title='bbox 935 3428 978 3488; x_wconf 93' lang='lat' dir='ltr'>lbi</span> <span class='ocrx_word' id='word_1_313' title='bbox 999 3430 1103 3505; x_wconf 91' lang='lat' dir='ltr'>raptim</span> 
     </span>
     <span class='ocr_line' id='line_1_41' title="bbox 157 3505 1152 3585; baseline 0.002 -19"><span class='ocrx_word' id='word_1_314' title='bbox 157 3526 235 3566; x_wconf 76' lang='lat' dir='ltr'>caesa</span> <span class='ocrx_word' id='word_1_315' title='bbox 258 3509 381 3565; x_wconf 89' lang='lat' dir='ltr'>materia</span> <span class='ocrx_word' id='word_1_316' title='bbox 403 3518 536 3585; x_wconf 86' lang='lat' dir='ltr'>ratesque</span> <span class='ocrx_word' id='word_1_317' title='bbox 558 3507 714 3579; x_wconf 80' lang='lat' dir='ltr'>fabricatae,</span> <span class='ocrx_word' id='word_1_318' title='bbox 735 3508 889 3583; x_wconf 86' lang='lat' dir='ltr'>inquibus</span> <span class='ocrx_word' id='word_1_319' title='bbox 909 3508 976 3583; x_wconf 91' lang='lat' dir='ltr'>equi</span> <span class='ocrx_word' id='word_1_320' title='bbox 991 3505 1102 3584; x_wconf 90' lang='lat' dir='ltr'>virique</span> <span class='ocrx_word' id='word_1_321' title='bbox 1113 3513 1152 3568; x_wconf 78' lang='lat'>40</span> 
     </span>
     <span class='ocr_line' id='line_1_42' title="bbox 139 3586 1103 3663; baseline 0.001 -20"><span class='ocrx_word' id='word_1_322' title='bbox 139 3590 187 3643; x_wconf 86' lang='lat' dir='ltr'>&#39;et</span> <span class='ocrx_word' id='word_1_323' title='bbox 209 3586 268 3644; x_wconf 89' lang='lat' dir='ltr'>alia</span> <span class='ocrx_word' id='word_1_324' title='bbox 282 3606 372 3643; x_wconf 88' lang='lat' dir='ltr'>onera</span> <span class='ocrx_word' id='word_1_325' title='bbox 396 3587 609 3663; x_wconf 89' lang='lat' dir='ltr'>trajicerentur.</span> <span class='ocrx_word' id='word_1_326' title='bbox 652 3587 776 3663; x_wconf 90' lang='lat' dir='ltr'>Hispani</span> <span class='ocrx_word' id='word_1_327' title='bbox 800 3587 864 3643; x_wconf 87' lang='lat' dir='ltr'>sine</span> <span class='ocrx_word' id='word_1_328' title='bbox 886 3586 947 3643; x_wconf 89' lang='lat' dir='ltr'>ulla</span> <span class='ocrx_word' id='word_1_329' title='bbox 969 3587 1052 3657; x_wconf 93' lang='lat' dir='ltr'>mole,</span> <span class='ocrx_word' id='word_1_330' title='bbox 1073 3588 1103 3644; x_wconf 94' lang='lat' dir='ltr'>in</span> 
     </span>
     <span class='ocr_line' id='line_1_43' title="bbox 160 3666 1110 3743; baseline 0.003 -22"><span class='ocrx_word' id='word_1_331' title='bbox 160 3676 239 3722; x_wconf 89' lang='lat' dir='ltr'>utres</span> <span class='ocrx_word' id='word_1_332' title='bbox 259 3666 438 3723; x_wconf 88' lang='lat' dir='ltr'>vestimentis</span> <span class='ocrx_word' id='word_1_333' title='bbox 461 3666 607 3743; x_wconf 92' lang='lat' dir='ltr'>conjectis,</span> <span class='ocrx_word' id='word_1_334' title='bbox 631 3667 686 3741; x_wconf 92' lang='lat' dir='ltr'>ipsi</span> <span class='ocrx_word' id='word_1_335' title='bbox 710 3666 804 3722; x_wconf 74' lang='lat' dir='ltr'>caetris</span> <span class='ocrx_word' id='word_1_336' title='bbox 824 3666 1008 3741; x_wconf 90' lang='lat' dir='ltr'>superpositis</span> <span class='ocrx_word' id='word_1_337' title='bbox 1023 3666 1110 3724; x_wconf 74' lang='lat' dir='ltr'>inca</span> 
     </span>
     <span class='ocr_line' id='line_1_44' title="bbox 160 3743 1104 3804; baseline 0.004 -4"><span class='ocrx_word' id='word_1_338' title='bbox 160 3743 260 3801; x_wconf 89' lang='lat' dir='ltr'>bantes</span> <span class='ocrx_word' id='word_1_339' title='bbox 289 3744 398 3801; x_wconf 91' lang='lat' dir='ltr'>flumen</span> <span class='ocrx_word' id='word_1_340' title='bbox 426 3755 590 3802; x_wconf 90' lang='lat' dir='ltr'>tranavere.</span> <span class='ocrx_word' id='word_1_341' title='bbox 646 3744 687 3801; x_wconf 88' lang='lat' dir='ltr'>Et</span> <span class='ocrx_word' id='word_1_342' title='bbox 714 3744 789 3801; x_wconf 91' lang='lat' dir='ltr'>alius</span> <span class='ocrx_word' id='word_1_343' title='bbox 816 3746 963 3802; x_wconf 84' lang='lat' dir='ltr'>exercitus</span> <span class='ocrx_word' id='word_1_344' title='bbox 994 3746 1104 3804; x_wconf 86' lang='lat' dir='ltr'>ratibus</span> 
     </span>
     <span class='ocr_line' id='line_1_45' title="bbox 154 3822 1104 3901; baseline 0.003 -21"><span class='ocrx_word' id='word_1_345' title='bbox 154 3823 269 3901; x_wconf 83' lang='lat' dir='ltr'>junctis</span> <span class='ocrx_word' id='word_1_346' title='bbox 292 3822 440 3899; x_wconf 86' lang='lat' dir='ltr'>trajectus,</span> <span class='ocrx_word' id='word_1_347' title='bbox 465 3824 568 3881; x_wconf 88' lang='lat' dir='ltr'>castris</span> <span class='ocrx_word' id='word_1_348' title='bbox 592 3841 677 3900; x_wconf 89' lang='lat' dir='ltr'>prope</span> <span class='ocrx_word' id='word_1_349' title='bbox 700 3822 809 3880; x_wconf 87' lang='lat' dir='ltr'>flumen</span> <span class='ocrx_word' id='word_1_350' title='bbox 836 3824 942 3899; x_wconf 91' lang='lat' dir='ltr'>positis,</span> <span class='ocrx_word' id='word_1_351' title='bbox 964 3833 1104 3883; x_wconf 89' lang='lat' dir='ltr'>nocturno</span> 
     </span>
    </p>
   </div>
   <div class='ocr_carea' id='block_1_5' title="bbox 0 0 1365 4292">
    <p class='ocr_par' dir='ltr' id='par_1_5' title="bbox 0 0 1365 4292">
     <span class='ocr_line' id='line_1_46' title="bbox 0 0 1365 4292; baseline 0 0"><span class='ocrx_word' id='word_1_352' title='bbox 0 0 1365 4292; x_wconf 95' lang='lat' dir='ltr'> </span> 
     </span>
    </p>
   </div>
  </div>
 </body>
</html>
