2717 4292
431 270 517 309 erana
531 270 593 309 xxr.
635 270 700 309 car.
717 268 884 322 xav,xav1,.
918 244 924 253 ’
1093 258 1149 321 127

160 402 240 461 nobis
264 400 400 459 relictum
422 410 474 471 est,
489 400 545 457 nisi
567 400 643 476 qnod
666 401 754 458 armis
776 400 1001 461 vindicaremus.
1045 399 1106 460 lllis

161 482 268 540 timidis
281 490 311 537 et
330 480 445 557 ignavis
466 500 529 537 asse
550 474 627 551 licet,
642 481 694 557 qui
714 490 879 557 respectum
899 480 1014 551 habent,
1029 481 1106 557 quod

160 581 214 621 sua
228 570 317 629 terra,
332 577 404 617 auus
425 578 496 635 ager
516 578 568 636 per
581 570 643 617 tuta
664 579 700 617 ac
714 570 818 636 pacata
837 561 941 617 itinera
962 559 1106 638 fugientes

161 641 322 716 accipient:
344 638 425 696 vobis
439 657 558 696 necesse
573 648 617 697 est
631 638 751 697 sortibus
761 640 831 696 viris
846 658 918 710 esse,
934 641 1107 701 etonmibus

161 720 235 777 inter
249 718 401 777 victoriam
422 728 579 775 mortemve
593 735 673 775 certa
693 716 890 795 desperatione
904 718 1042 797 abruptis,
1057 724 1136 781 autb

162 799 279 855 vincere
295 805 354 867 aut,
369 799 394 855 si
409 796 524 854 fortuna
537 796 686 868 dubitabit,
701 798 731 853 in
747 798 848 874 proelio
862 799 1058 875 potiusquam
1076 802 1107 858 in

162 876 233 955 suga
247 888 369 933 mortem
383 884 526 953 oppetere.
568 876 600 933 Si
614 876 668 933 hoc
683 878 756 934 bene
770 877 862 933 fixum
876 878 1009 935 omnibus
1023 880 1107 938 desti·

161 967 263 1013 natum
277 956 308 1012 in
329 956 425 1012 animo
438 965 490 1025 est,
506 956 610 1012 iterum
631 954 737 1025 dicam,
753 956 879 1013 vicistis:
900 957 1022 1015 nullum
1030 961 1108 1017 enim

161 1034 252 1093 telum
275 1033 312 1092 ad
327 1033 502 1092 vincendum
523 1034 631 1091 homini
651 1036 687 1092 ab
706 1034 761 1093 diis
779 1036 989 1094 immortalibus
1010 1041 1109 1097 acrius

160 1114 262 1172 datum
276 1112 354 1171 est.''
475 1127 477 1129 ’
1121 1118 1157 1173 10

202 1192 299 1251 XLV.
323 1192 362 1251 lis
379 1192 623 1251 adhortationibus
644 1212 713 1251 cum
735 1195 881 1270 utrimque
902 1196 1108 1256 ad'certamen

161 1272 280 1331 accensi
308 1272 433 1330 militum
462 1273 551 1329 animi
581 1284 687 1342 essent,
708 1272 833 1331 Romani
860 1284 944 1350 ponte
968 1277 1107 1335 Ticinum

159 1352 297 1429 jungunt,
312 1350 481 1428 tutandique
499 1352 592 1429 pontis
606 1370 697 1409 causa
711 1353 865 1409 castellum
884 1355 1002 1431 insuper
1020 1358 1108 1433 impo

159 1441 253 1503 nunt3
277 1430 386 1489 Poenus
406 1430 535 1489 hostibus
549 1450 635 1506 opere
656 1432 805 1507 occupatis
827 1431 1025 1491 Maharbalem
1040 1454 1108 1494 cum

159 1509 210 1568 ala
234 1509 441 1579 Numidarum,
464 1510 610 1586 equitibus
637 1510 812 1586 quingentis,
836 1510 872 1568 ad
896 1510 1109 1589 depopulandos
1122 1516 1158 1569 1⁵

159 1590 307 1648 sociorum
328 1589 426 1665 populi
440 1588 564 1647 Romani
585 1608 670 1666 agros
685 1590 787 1647 mittit:
810 1589 905 1648 Gallis
918 1592 1000 1666 parci
1020 1612 1108 1670 quam

159 1670 289 1726 maxime
301 1668 391 1744 jubet,
403 1669 625 1746 principumque
647 1669 758 1727 animos
772 1669 809 1726 ad
829 1668 1019 1729 defectionem
1032 1671 1108 1731 solli-

159 1750 257 1807 citari.
299 1748 388 1806 Ponte
413 1747 551 1825 perfecto,
566 1748 717 1806 traductus
739 1747 889 1806 Romanus
911 1753 1057 1809 exercitus
1079 1754 1109 1810 in

159 1846 267 1905 agrum
290 1826 465 1898 Insubrium,
480 1828 608 1904 quinque
627 1828 720 1885 millia
734 1848 873 1905 passuum
893 1850 911 1887 a
929 1830 1109 1891 Victumulis

159 1906 301 1965 consedit.
343 1906 387 1965 Ibi
401 1906 550 1964 Hannibal
565 1917 660 1965 castra
674 1908 816 1982 habebat3
840 1920 1031 1987 revocatoque
1045 1931 1107 1987 pro·
1118 1914 1157 1967 20

159 2004 230 2064 pere
254 1986 419 2044 Maharbali
444 1996 529 2063 atque
552 1988 707 2063 equitibus,
731 2007 799 2045 cum
827 1989 936 2046 instare
961 1999 1109 2049 certamen

159 2076 305 2136 comeret,
320 2066 393 2124 nihil
416 2085 545 2142 unquam
567 2067 637 2124 satis
659 2068 769 2124 dictum
792 2068 1050 2145 praemonitumque
1072 2071 1109 2129 ad
1131 2121 1133 2126 .

159 2145 350 2203 cohortandos
365 2146 470 2203 milites
484 2155 572 2215 ratus,
589 2147 698 2204 vocatis
713 2145 748 2203 ad
760 2147 928 2206 concionem
943 2159 1023 2206 certa
1037 2169 1108 2226 prae-

158 2226 220 2281 mia
235 2224 409 2301 pronuntiat,
425 2226 455 2281 in
476 2243 599 2300 quorum
617 2224 702 2302 ¹spem
722 2236 903 2303 pugnarent:
926 2248 1030 2304 agrum
1044 2249 1108 2288 sese

159 2303 299 2362 daturum
323 2324 387 2361 esse
414 2304 445 2362 in
473 2303 567 2375 Italia,
593 2305 707 2375 Africa,
731 2306 882 2383 Hispania,
907 2308 957 2365 ubi
984 2310 1155 2386 quisque25

159 2383 240 2454 velit,
255 2384 416 2441 immunem
432 2384 487 2460 ipsi
507 2384 557 2459 qui
581 2386 741 2461 accepisset
761 2386 935 2462 liberisque:
956 2391 1007 2465 qui
1022 2409 1107 2465 pecu-

159 2463 241 2520 niam
255 2481 345 2539 quam
361 2482 464 2541 agrum
478 2464 637 2534 maluisset,
653 2465 726 2521 eise
741 2475 860 2542 argento
874 2465 1107 2527 satisfacturum:

159 2542 211 2617 qui
223 2542 368 2600 sociorum
379 2544 459 2600 cives
469 2543 725 2620 Carthaginienses
738 2544 803 2600 fieri
814 2544 930 2613 vellent,
942 2555 1109 2621 potestatem

159 2618 326 2679 facturum:
348 2623 399 2697 qui
419 2622 516 2681 domos
531 2622 625 2679 redire
645 2621 773 2691 mallent,
785 2622 921 2679 daturum
935 2643 966 2681 se
980 2643 1107 2699 operam,
1151 2653 1160 2661 ·

159 2718 197 2758 ne
223 2701 310 2777 cujus
332 2720 452 2761 suorum
473 2701 657 2779 popularium
682 2710 822 2758 mutatam
843 2720 943 2758 secum
966 2700 1109 2761 fortunam
1120 2707 1157 2761 30

159 2798 225 2837 esse
239 2780 359 2838 vellent.
400 2780 501 2840 Servis
511 2800 626 2858 quoque
637 2781 766 2838 dominos
777 2781 936 2856 prosecutis
947 2781 1109 2842 libertatem

160 2860 301 2936 proponit,
313 2860 438 2937 binaque
452 2880 503 2938 pro
517 2862 562 2918 his
576 2860 723 2937 mancipia
736 2859 858 2917 dominis
872 2880 903 2917 se
918 2860 1107 2921 redditurum.

161 2937 266 3015 anue
291 2949 324 2997 ut
347 2950 410 2998 rata
433 2941 542 2998 scirent
565 2938 634 3011 fore,
651 2958 760 3018 agnum
782 2939 857 2997 laeva
878 2960 977 3012 manu,
992 2941 1110 3001 dextera

131 3064 135 3070 .
161 3018 274 3077 silicem
285 3020 419 3090 retinens,
430 3020 455 3077 si
466 3018 588 3089 falleret,
597 3018 615 3076 J
616 3039 700 3077 ovem
711 3030 879 3097 ceterosque
888 3032 1023 3097 precatus
1032 3022 1108 3094 deos,

161 3096 200 3154 ita
214 3117 245 3155 se
260 3108 431 3169 mactarent,
448 3098 690 3175 quemadmodum
705 3099 765 3175 ipse
780 3119 889 3178 agnum
904 3112 1066 3172 mactasset,
1081 3114 1109 3162 et
1120 3105 1156 3159 35

161 3177 324 3235 secundum
345 3180 540 3255 precationem
561 3197 647 3255 capu:
669 3178 789 3255 pecudis
809 3198 879 3238 saxo
901 3180 986 3238 elisit.
1029 3181 1108 3239 Tum
1163 3238 1168 3245 ,

161 3272 229 3313 vero
243 3258 466 3316 omnes—velut
479 3258 534 3315 diis
555 3258 722 3316 auctoribus
742 3259 773 3315 in
786 3277 867 3336 spem
882 3278 965 3316 suam
984 3260 1107 3335 quisque

162 3336 359 3413 acceptis—id
379 3356 468 3395 morae
490 3337 565 3413 quod
587 3338 717 3395 nondum
740 3347 902 3415 pugnarent
916 3336 952 3394 ad
974 3338 1108 3412 potienda

161 3424 276 3489 sperata
301 3416 365 3485 rati,
381 3416 517 3493 proelium
541 3436 599 3475 uno
624 3417 720 3475 animo
742 3426 771 3473 et
796 3436 866 3473 voce
891 3435 950 3473 una
974 3428 1105 3492 poscunt.

162 3489 271 3551 XLVI.
295 3496 385 3571 Apud
400 3496 873 3571 Romanoshaudquaquam'tanta
888 3495 1025 3552 alacritas
1035 3507 1105 3567 erat,
1117 3500 1154 3553 dl]

160 3590 247 3648 super
268 3584 367 3632 cetera
388 3576 553 3633 recentibus
572 3577 660 3633 etiam
684 3575 797 3632 territos
816 3573 970 3651 prodigiis:
991 3586 1107 3634 namet

161 3647 247 3727 lupus
271 3654 432 3713 intraverat
456 3664 561 3726 castra,
576 3654 750 3730 laniatisque
777 3653 869 3711 obviis
893 3654 953 3729 ipse
981 3653 1107 3713 intactus

160 3742 302 3803 eraserat,
318 3743 346 3791 et
368 3754 492 3794 examen
511 3754 599 3812 apum
618 3734 648 3790 in
670 3734 772 3790 arbore
786 3733 918 3809 praetorio
938 3733 1106 3793 imminente

161 3812 339 3871 consederat.
360 3813 491 3883 'Quibus
505 3813 674 3891 procuratis,
687 3812 785 3888 Scipio
798 3832 867 3871 cum
881 3812 1011 3890 equitatu
1022 3812 1106 3893 jacu-
