2717 4292
210 277 252 339 64
461 309 466 320 ·
635 289 694 330 anu
715 288 790 330 mvn

262 421 333 480 dum
356 421 535 480 servitutem.
577 419 675 478 Primo
702 429 801 496 stupor
826 437 927 476 omncs
952 418 1143 477 admiratione
1167 422 1213 481 rei

163 501 169 510 '
262 510 323 559 tarn
350 501 455 559 atrocis
481 499 590 566 defixit,
615 501 763 557 silentium
794 498 860 556 inde
891 497 1072 575 aliquamdiu
1106 500 1210 557 tenuit.

182 597 185 602 ·
259 579 347 650 Dein,
363 599 432 638 cum
446 577 488 634 M.
504 578 654 648 Claudius,
669 578 925 636 circumstantibus
938 578 1086 647 matronis,
1101 579 1157 635 iret
1174 579 1210 636 ad

201 653 202 658 '
262 659 496 736 prehendendam
517 658 670 733 virginem,
687 657 939 732 lamentabilisque
959 675 1029 714 eum
1052 658 1211 714 mulierum

233 738 447 815 bcomploratio
474 738 644 812 excepisset,
666 735 820 812 Virginius
846 737 992 793 intentans
1019 737 1051 792 iu
1078 736 1211 812 Appium

262 835 366 875 manus
391 814 522 874 “Icilio''
542 816 644 892 inquit,
660 821 679 850 “
689 815 777 892 Appi,
799 833 856 872 non
877 815 929 872 tibi
949 814 1041 871 filiam
1063 815 1211 891 despondi,

261 909 290 954 et
304 896 341 953 ad
354 897 470 972 nuptias
484 913 541 954 nou
562 895 598 951 ad
612 904 745 970 stuprum
765 893 900 951 adunavi.
942 892 1044 950 Placet
1063 894 1211 970 pecudum

262 973 448 1052 ferarumque
469 975 527 1032 ritu
548 973 689 1050 promisce
708 974 739 1030 in
760 972 933 1030 concubitus
954 972 1063 1030 ruere?
1105 972 1210 1030 Passu-

261 1054 324 1112 riue
336 1054 399 1112 haec
410 1054 457 1110 isti
471 1054 537 1123 siut,
549 1053 664 1110 nescio:
686 1071 743 1110 nou
754 1070 838 1128 spero
851 1071 916 1109 esse
930 1070 1065 1128 passuros
1079 1051 1145 1110 illos
1158 1051 1211 1128 qui

214 1135 250 1190 10
262 1151 344 1190 arma
354 1131 494 1193 habent.''
533 1132 609 1189 Cum
620 1131 811 1207 repelleretur
821 1142 947 1188 assertor
958 1131 1079 1209 virginis
1093 1151 1112 1188 a
1124 1131 1211 1208 globo

262 1211 418 1269 mulierum
438 1211 748 1286 circumstantiumque
769 1209 983 1280 advocatorum,
998 1211 1147 1267 silentium
1168 1209 1210 1267 fa-

260 1299 341 1348 otum
365 1307 416 1368 per
438 1308 611 1366 praeconem.
654 1287 794 1347 XLVIII.
816 1287 981 1359 Decemvir,
1005 1289 1149 1347 alienatus
1173 1288 1209 1346 ad

259 1369 410 1427 libidinem
425 1369 529 1440 animo,
544 1377 632 1446 negat
650 1387 687 1426 ex
702 1369 835 1426 hesterno
855 1378 968 1425 tantum
981 1368 1113 1426 convicio
1133 1367 1210 1426 Icilii

261 1449 454 1525 violentiaque
477 1448 732 1524 Virginii—cujus
758 1457 860 1505 testem
885 1447 1023 1523 populum
1044 1447 1209 1504 Romanum

201 1533 250 1606 ‚15
261 1527 456 1586 habeat—sed
476 1528 563 1584 certis
584 1545 699 1604 quoque
720 1526 835 1584 indiciis
848 1535 1028 1601 compertum
1041 1546 1073 1584 se
1092 1517 1209 1597 habere,

260 1616 344 1664 nocte
358 1615 417 1664 tota
431 1616 525 1665 cretus
539 1607 569 1662 in
585 1607 656 1663 urbe
672 1605 763 1664 factos
777 1624 840 1663 esse
855 1604 891 1662 ad
911 1604 1082 1662 movendam
1095 1604 1209 1662 seditio-

260 1703 337 1742 nem.
379 1685 480 1761 Itaque
508 1705 539 1742 se
564 1684 641 1742 baud
674 1685 800 1743 inscium
830 1685 895 1760 ejus
921 1683 1113 1742 dimicationis
1140 1703 1210 1742 curn

262 1765 380 1821 armatis
397 1763 678 1821 descendisse—non
693 1773 724 1821 ut
738 1782 916 1840 quemquam
930 1764 1061 1839 quietum
1075 1763 1208 1834 violaret,

261 1841 311 1898 sed
324 1852 355 1900 ut
368 1843 517 1900 turbantes
531 1843 655 1900 civitatis
669 1844 760 1900 otium
774 1862 825 1919 pro
840 1843 989 1920 majestate
1000 1843 1113 1918 imperii
1128 1862 1210 1901 coer-

210 1924 358 1980 20ceret:
390 1921 536 1996 “proinde
561 1922 676 1997 quiesse
701 1923 756 1979 erit
783 1921 919 1992 melius‚''
942 1922 1053 1997 inquit:
1086 1929 1104 1956 “
1114 1922 1209 1993 lictor,

261 2001 399 2058 submove
422 2001 546 2069 turbam,
567 2011 595 2058 ct
617 2001 654 2058 da
676 2002 754 2058 viam
778 2001 893 2058 domiuo
915 2000 951 2057 ad
973 2000 1210 2076 prehendendum

261 2078 472 2156 mancipium.''
505 2079 589 2138 'Cum
604 2079 667 2137 haeo
681 2081 850 2138 intonuisset
864 2079 968 2156 plenus
983 2081 1043 2150 irae,
1055 2079 1211 2138 multitudo

261 2159 323 2234 ipsa
338 2177 369 2215 se
380 2178 434 2216 sua
445 2169 543 2234 sponte
554 2157 681 2229 dimovit,
694 2159 864 2235 desertaque
875 2159 973 2234 praeda
983 2159 1099 2234 injuriae
1109 2160 1211 2235 puella

261 2237 363 2294 stabat.
406 2237 486 2294 Tum
507 2237 669 2314 Virginius,
692 2238 743 2294 ubi
762 2238 835 2294 nibil
857 2238 1105 2313 usquamauxilii
1126 2237 1209 2308 vidit,

212 2321 250 2374 25
262 2315 407 2391 “quaeso''
422 2317 524 2391 inquit,
540 2323 558 2350 ‘⁴
568 2317 655 2392 Appi,
671 2317 797 2392 primum
817 2317 935 2393 ignosce
956 2317 1048 2392 patrio
1068 2317 1168 2387 dolori,
1183 2319 1210 2375 si

260 2394 331 2470 quid
351 2395 554 2452 inclementius
576 2395 607 2452 in
629 2405 657 2452 te
678 2414 745 2452 sum
764 2396 914 2452 invectus:
936 2395 1039 2453 deiude
1059 2396 1139 2453 sinas
1159 2396 1209 2454 hic

261 2492 360 2531 coram
374 2475 486 2550 virgiac
502 2474 646 2532 nutricem
665 2475 838 2550 percontari,
852 2474 923 2550 quid
937 2474 992 2532 hoc
1007 2475 1048 2532 rei
1065 2476 1110 2545 sit,
1126 2485 1167 2545 ut,
1182 2476 1208 2534 si

262 2551 334 2611 salso
355 2562 437 2630 pater
461 2553 556 2610 dictus
576 2571 651 2623 sum,
667 2554 793 2630 aequiorc
815 2553 883 2610 hinc
905 2553 1001 2611 animo
1024 2553 1206 2611 discedam.''

260 2630 337 2691 Data
351 2633 446 2702 venia,
461 2631 574 2690 seducit
589 2633 679 2690 filiam
695 2651 730 2689 ac
745 2633 888 2690 nutricem
908 2651 995 2715 prope
1008 2627 1157 2692 Cloacinae
1170 2631 1207 2690 ad

212 2712 541 2788 dotaberuas-‘quibus
564 2731 643 2768 nunc
668 2713 750 2768 novis
773 2720 816 2769 est
839 2722 1081 2788 nomem—atque
1106 2713 1145 2769 ibi
1170 2713 1207 2769 ab

260 2789 338 2847 lanio
351 2791 445 2847 cultro
460 2800 581 2866 arrepto,
598 2797 615 2826 “
625 2791 680 2847 hoc
694 2799 722 2846 te
737 2809 865 2866 unoquo
878 2789 1016 2866 possum''
1031 2793 1072 2850 ait
1085 2798 1105 2827 “
1114 2791 1205 2862 modo,

261 2868 330 2938 filia,
346 2869 376 2924 in
397 2869 556 2925 libertatem
578 2867 734 2925 vindico:''
749 2880 851 2945 pectus
871 2869 973 2927 deiude
994 2870 1100 2947 puellae
1113 2880 1206 2928 traus-

261 2946 332 3022 figit,
345 2956 566 3023 respectansque
582 2947 618 3003 ad
628 2947 755 3004 tribuual
771 2947 848 3005 “te''
864 2949 966 3024 inquit,
982 2956 1000 2984 “
1010 2951 1102 3026 Appi,
1109 2959 1205 3006 tuum-

261 3043 317 3100 que
332 3036 419 3101 caput
432 3027 574 3102 sanguine
585 3026 640 3083 hoc
651 3025 822 3084 consecro.'’
857 3025 992 3085 Clamore
1006 3028 1043 3085 ad
1054 3039 1113 3085 tam
1124 3039 1206 3088 atrox

212 3108 250 3163 ³5
262 3101 376 3162 facinus
386 3114 447 3162 orto
457 3105 570 3163 excitus
581 3106 705 3182 Appius,
718 3105 922 3183 comprehendi
934 3107 1101 3184 Virginium
1112 3108 1206 3184 jubet.

261 3181 314 3241 Ille
329 3181 414 3254 ferro,
425 3202 611 3260 quacumque
625 3185 692 3254 ibat,
705 3186 783 3242 viam
798 3184 903 3255 facere,
915 3185 1007 3243 donec
1020 3186 1207 3244 multitudine

261 3263 348 3321 etiam
370 3264 603 3340 prosequentium
623 3273 723 3322 tuente
737 3264 773 3321 ad
794 3273 905 3341 portam
926 3267 1063 3341 perrexit.
1104 3264 1207 3324 Icilius

260 3341 504 3418 Numitoriusque
525 3361 673 3420 exsangue
693 3362 798 3421 corpus
820 3344 966 3401 sublatum
994 3354 1137 3402 ostentant
1158 3363 1206 3421 pc-

260 3422 344 3498 pulo:
367 3422 464 3480 scelus
486 3422 584 3498 Appii,
599 3422 706 3498 puellae
726 3421 874 3481 infelicem
896 3421 1027 3493 formam,
1048 3425 1205 3482 necessita·

212 3506 249 3561 to
260 3511 317 3559 tem
329 3503 417 3577 patris
428 3501 585 3577 deplorant.
608 3501 770 3577 Sequentes
780 3502 931 3560 clamitant
944 3513 1090 3577 matronae,
1101 3521 1205 3560 eamne

259 3581 416 3638 liberorum
438 3580 681 3657 procreandorum
702 3580 902 3650 conditionem,
917 3601 953 3638 ea
971 3581 1118 3658 pudicitiae
1133 3601 1205 3657 prte-

260 3659 319 3716 mia
333 3660 419 3717 esse?
441 3669 547 3730 cetera,
562 3679 628 3736 quae
648 3661 678 3717 in
696 3661 748 3717 tali
762 3679 793 3716 re
813 3660 964 3718 muliebris
981 3661 1070 3731 dolor,
1085 3657 1205 3737 quo'est

259 3738 384 3795 maestior
397 3738 544 3796 imbecillo
558 3740 662 3809 animo,
674 3758 708 3795 eo
722 3739 898 3797 miserabilia
912 3741 1006 3818 magis
1015 3741 1206 3818 querentibus

259 3814 386 3892 subjicit.
429 3816 577 3888 Virorum,
592 3827 622 3875 et
634 3818 761 3876 maxime
781 3817 867 3889 Icilii,
881 3838 937 3877 vox
957 3829 1025 3893 tota,
1039 3819 1206 3898 tribunicia
