2717 4292
200 250 240 310 24
616 268 673 309 rrrr
695 268 770 308 nivrr

246 399 374 458 verbena
396 407 485 474 caput
506 397 683 474 capillosque
706 407 837 474 tangens.
893 395 980 454 Pater
999 405 1129 473 patratus
1153 395 1190 456 ad

244 476 448 555 jusjurandum
475 476 654 552 patrandum,
676 476 706 533 id
732 487 784 546 est,
809 475 999 534 sanciendum
1024 474 1057 533 fit
1084 473 1190 548 lodus,

246 558 401 632 multisque
422 555 451 613 id
465 556 569 624 verbis,
583 574 649 632 quae
668 555 754 632 longo
768 553 854 612 effata
867 555 997 612 carmine
1017 572 1074 612 non
1093 574 1192 631 operas

247 647 290 702 est
314 635 432 705 referre,
457 635 578 712 peragit.
627 633 758 712 Legibus
784 633 887 690 deinde
915 634 1042 690 recitatis
1070 634 1190 691 “audi''

218 715 348 792 5inquit,
364 713 407 771 “J
411 715 531 790 uppiter,
547 713 623 784 audi,
645 724 726 790 pater
747 721 856 789 patrate
875 713 972 789 populi
986 712 1104 782 Albani,
1120 713 1189 771 audi

246 804 288 864 tu,
313 792 436 870 populus
456 793 607 850 Albanus:
640 803 672 850 ut
692 793 745 849 illa
764 791 861 868 palam
882 793 974 867 prima
995 801 1138 867 postrema
1151 811 1190 849 ex

246 873 306 931 illis
319 873 425 930 tabulis
439 891 544 930 cerave
558 873 679 930 recitata
693 880 769 940 sunt,
784 871 846 928 sine
860 869 924 928 dolo
938 870 1023 940 malo,
1039 871 1138 945 utique
1152 890 1190 928 ea

247 951 295 1010 hic
315 951 398 1009 hodie
412 951 570 1008 rectissime
590 951 739 1008 intellecta
759 959 836 1019 sunt,
856 949 916 1006 illis
935 949 1049 1025 legibus
1065 949 1190 1025 populus

248 1031 396 1089 Romanus
419 1030 500 1105 prior
527 1048 584 1087 non
612 1029 748 1088 deficiet:
783 1029 808 1085 si
835 1028 912 1104 prior
938 1026 1046 1085 defexit
1073 1028 1189 1105 publico

200 1111 236 1166 10
247 1110 375 1178 consilio,
400 1107 464 1166 dolo
490 1109 576 1177 malo,
601 1118 663 1165 tum
690 1118 723 1166 tu
750 1107 801 1165 illo
827 1107 874 1164 die
895 1105 1028 1182 luppiter
1051 1107 1190 1183 populum

247 1188 411 1246 Romanurn
425 1187 468 1245 sic
483 1186 574 1256 ferito,
584 1197 616 1244 ut
629 1206 684 1264 ego
694 1188 773 1244 hunc
787 1205 907 1262 porcum
920 1187 968 1243 hic
982 1185 1065 1243 hodie
1076 1184 1188 1254 feriam,
1276 1221 1280 1226 -

247 1277 381 1341 tantoque
396 1266 488 1342 magis
503 1265 594 1336 ferito,
609 1276 716 1343 quanto
730 1266 823 1342 magis
841 1274 919 1341 potes
933 1263 1113 1340 pellesque.''
1156 1264 1188 1323 Id

247 1347 296 1403 ubi
310 1346 389 1415 dixit,
405 1363 524 1422 porcum
538 1364 608 1402 saxo
622 1345 704 1402 silice
718 1345 870 1422 percussit.
905 1343 968 1401 Sua
979 1344 1049 1401 item
1058 1344 1190 1401 carmina

246 1424 356 1482 Albani
365 1442 508 1499 suumque
518 1423 725 1500 jusjurandum
734 1442 786 1499 per
793 1441 880 1480 suum
887 1421 1055 1480 dictatorem
1064 1441 1190 1498 suosque

201 1506 235 1562 15
246 1504 408 1562 sacerdotes
432 1511 616 1579 peregerunt.
667 1501 764 1560 XXV.
794 1501 918 1560 Foedere
942 1501 1008 1571 icto,
1032 1501 1189 1578 trigemini,

178 1589 181 1594 '
245 1584 321 1641 sicut
344 1591 527 1651 convenerat,
550 1599 632 1638 arma
651 1582 779 1657 capiunt.
821 1580 897 1638 Cum
916 1580 963 1637 sui
983 1589 1120 1656 utrosque
1141 1580 1189 1638 ad-

246 1662 437 1729 hortarentur,
462 1658 530 1716 deos
554 1660 668 1735 patrios,
690 1660 812 1735 patriam
828 1676 868 1717 ¹ac
889 1668 1030 1734 parentes,
1049 1658 1190 1735 quidquid

246 1741 353 1797 civium
368 1739 453 1806 domi,
468 1737 607 1813 quidquid
628 1738 658 1794 in
672 1739 802 1796 exercitu
816 1739 861 1808 sit,
876 1737 993 1795 illorum
1012 1747 1082 1795 tunc
1097 1756 1190 1808 arma,

245 1819 361 1876 illorum
382 1817 488 1874 intueri
502 1835 614 1886 manus,
631 1815 742 1874 feroces
755 1827 783 1875 et
803 1825 903 1892 suopte
923 1817 1047 1894 ingenio,
1062 1829 1091 1874 et
1111 1817 1191 1893 pleni
1297 1835 1310 1852 ·

197 1899 236 1954 20
247 1897 458 1955 adhortantium
472 1896 599 1964 vocibus,
614 1895 644 1952 in
662 1895 789 1953 medium
809 1897 885 1952 inter
904 1895 977 1952 duas
992 1897 1070 1953 acies
1090 1915 1189 1972 proce-

246 1976 327 2034 dunt.
368 1969 563 2033 Consederant
588 1975 745 2050 utrimque,
758 1994 809 2051 pro
832 1975 935 2032 castris
955 1973 1012 2031 duo
1032 1976 1190 2046 exercitus,

246 2055 368 2132 periculi
391 2055 484 2132 magis
508 2054 664 2129 praesentiS‚
690 2073 778 2130 quam
799 2072 886 2123 curae,
912 2064 1061 2129 expertes:
1081 2055 1190 2131 quippe

246 2133 399 2209 imperium
413 2133 553 2209 agebatur
566 2133 597 2189 in
610 2143 841 2224 tampaucorum
851 2133 957 2190 virtute
972 2142 1058 2208 atque
1073 2132 1191 2192 fortuna

246 2213 385 2288 positum:
407 2213 503 2286 itaque
514 2223 681 2287 ergoerectr
695 2212 884 2288 suspensique
898 2213 928 2268 in
939 2212 1057 2269 minime
1071 2223 1189 2288 gratum

196 2293 235 2348 25
246 2291 444 2368 spectaculum
455 2290 549 2347 animo
561 2290 757 2348 intenduntur.
779 2289 874 2348 Datur
884 2291 1009 2366 signum,
1020 2290 1189 2366 infestisque

246 2371 343 2440 armis,
360 2369 439 2427 velut
459 2369 546 2438 acies,
567 2369 642 2426 terni
659 2369 792 2444 juvenes,
814 2388 985 2446 magnorum
1005 2371 1188 2428 exercituum

229 2451 356 2508 'animos
369 2458 512 2526 gerentes,
527 2457 714 2505 concurrunt.
744 2448 811 2506 Nec
824 2449 869 2505 his
882 2467 938 2505 nec
951 2448 1010 2505 illis
1024 2449 1188 2524 periculum

245 2547 340 2600 suum,
352 2528 501 2605 publicum
515 2527 669 2603 imperium
683 2527 890 2603 servitiumque
898 2527 1067 2584 obversatur
1080 2528 1187 2598 animo,

246 2605 401 2683 futuraque
422 2625 458 2664 ea
478 2605 580 2663 deinde
605 2606 704 2682 patriae
725 2604 847 2676 fortuna,
861 2624 950 2682 quam
963 2606 1019 2682 ipsi
1040 2603 1186 2664 fecissent.

197 2687 235 2742 30
245 2685 285 2744 Ut
305 2688 396 2763 primo
410 2686 505 2742 statim
519 2703 664 2742 concursu
684 2686 855 2765 increpuere
875 2702 967 2754 arma,
988 2684 1188 2762 micantesque

246 2762 353 2821 fulsere
380 2763 479 2840 gladii,
507 2763 607 2820 horror
633 2763 737 2838 ingens
764 2773 924 2840 spectantes
951 2764 1125 2840 perstringit,
1157 2774 1187 2822 et

245 2852 347 2899 neutro
366 2841 506 2898 inclinata
522 2859 580 2916 spe,
595 2841 725 2916 torpebat
739 2860 794 2898 vox
815 2843 999 2919 spiritusque.
1039 2842 1188 2901 Consertis

245 2920 347 2977 deinde
372 2920 513 2989 manibuS,
538 2937 606 2976 cum
626 2919 688 2994 jam
708 2939 765 2978 non
780 2930 874 2978 motus
896 2930 1009 2979 tantum
1022 2940 1185 2997 corporum,

246 2999 419 3075 agitatioque
446 3017 552 3074 anceps
585 2997 709 3055 telorum
743 3017 956 3076 armorumque,
984 2999 1035 3057 sed
1062 2999 1187 3059 vulnera

197 3080 359 3154 ¹35quoque
373 3087 401 3134 et
425 3079 543 3154 sanguis
564 3077 730 3153 spectaculo
744 3088 847 3148 essent,
870 3078 926 3137 duo
950 3077 1083 3148 Romani,
1098 3098 1188 3156 super

245 3157 335 3214 alium
360 3157 444 3226 alius,
467 3155 627 3214 vulneratis
647 3156 740 3214 tribus
763 3157 897 3228 Albanis,
922 3158 1102 3234 exspirantes
1121 3177 1185 3216 cor-

245 3244 375 3293 ruerunt.
417 3234 464 3292 Ad
485 3253 608 3311 quorum
633 3254 735 3292 casum
755 3255 824 3293 cum
851 3235 1060 3295 conclamasset
1079 3237 1187 3314 gaudio

244 3314 377 3372 Albanus
385 3313 538 3383 exercitus,
548 3312 694 3371 Romarm
703 3313 834 3390 legiones
838 3314 1048 3406 jamspestota,
1057 3309 1187 3374 nondum

168 3402 170 3406 ’
244 3402 340 3452 tamen
361 3412 442 3463 cura,
460 3392 634 3462 deseruerat,
655 3394 803 3451 exanimes
817 3412 881 3451 vice
902 3395 997 3464 unius,
1019 3413 1106 3470 quem
1126 3403 1187 3452 tres

196 3474 233 3530 40
243 3472 365 3532 Curiatii
379 3474 639 3531 circumsteterant.
662 3470 748 3529 Forte
759 3472 785 3528 is
798 3473 910 3549 integer
924 3470 986 3542 suit,
999 3482 1030 3530 ut
1041 3473 1187 3531 universis

244 3551 321 3607 solus
335 3569 518 3627 nequaquam
532 3568 593 3627 par,
608 3550 651 3606 sic
665 3550 804 3607 adversus
818 3551 947 3626 singulos
961 3550 1051 3608 ferox.
1094 3551 1185 3628 Ergo,

245 3639 276 3684 ut
298 3639 463 3704 segregaret
486 3647 613 3705 pugnam
637 3647 747 3696 eorum,
768 3630 891 3702 capessit
916 3629 1024 3706 fugam,
1046 3630 1087 3686 ita
1105 3642 1188 3689 ratus

244 3716 402 3774 secuturos,
424 3705 455 3762 u‘t
479 3725 623 3782 quemque
637 3707 759 3762 vulnere
781 3705 917 3764 affectum
938 3712 1042 3783 corpus
1065 3709 1186 3768 sineret.

189 3826 197 3840 .
243 3781 311 3842 Jam
334 3783 515 3860 aliquantum
536 3783 620 3861 spatii
644 3803 681 3841 ex
705 3802 739 3841 eo
765 3783 838 3854 loco,
866 3786 915 3842 ubi
942 3796 1105 3864 pugnatum
1132 3796 1187 3860 est,
