2717 4292
245 790 430 886 LIBllR
462 791 785 886 VlGllSlllUS
817 793 1053 888 PRIMUS.

455 1163 838 1249 ARGUMEN'IUM.

202 1268 219 1307 d

179 1344 202 1407 1,
215 1344 264 1397 &c
281 1346 313 1397 Iu
332 1345 430 1397 ltaliam
448 1348 503 1397 belli
520 1346 605 1399 Punici
615 1349 716 1398 secundi
731 1356 796 1399 ortus
811 1356 932 1408 narratur,
948 1350 981 1410 V,
993 1351 1050 1411 tra,
1065 1358 1092 1402 et

145 1421 300 1483 Hannibalis,
312 1422 440 1473 Poencrum
450 1424 526 1482 ducis,
540 1424 625 1473 contra
641 1425 718 1473 foedus
732 1441 776 1488 per
795 1425 894 1475 Ibemm
909 1426 1003 1477 flumen
1012 1436 1089 1478 mue

143 1498 201 1557 itus,
213 1498 284 1559 XIV,
296 1516 312 1548 a
322 1515 369 1563 quo
385 1499 532 1564 Saguntum,
542 1500 661 1551 sociomm
671 1502 752 1563 populi
768 1499 873 1551 Romani
884 1502 977 1560 civitas,
988 1504 1092 1561 obsum

143 1581 328 1624 octavomcnse
339 1582 412 1639 capta
428 1582 471 1625 est.
502 1575 601 1625 XVIII.
617 1576 657 1625 De
668 1578 753 1640 quibus
771 1576 870 1641 injuriis,
888 1577 1041 1643 mimilogus
1060 1579 1093 1629 ad

144 1651 370 1717 Karthaginienses,
381 1653 422 1715 qui
437 1659 606 1715 quererentur:
622 1669 679 1702 cum
696 1654 835 1702 satisfacere
846 1655 945 1713 nollent,
963 1654 1053 1704 bellum
1064 1656 1093 1704 iis

143 1727 264 1777 indictum
283 1733 327 1777 est.
358 1726 452 1787 XXIV,
472 1728 519 1777 &aa
543 1728 677 1787 Hannrbal,
694 1736 805 1793 supemto
826 1729 943 1793 Pyrenaea
959 1732 1030 1789 saltu,
1048 1745 1093 1795 per

144 1804 248 1861 Gallias,
266 1804 325 1852 susis
335 1802 436 1862 Volscis,
452 1806 494 1867 qui
512 1805 623 1853 obsistere
633 1800 720 1855 'cenati
739 1811 818 1863 erant,
835 1807 867 1855 ad
883 1806 958 1871 Alpes
969 1807 1050 1870 venit3
1066 1812 1092 1857 et

144 1883 260 1935 laborioso
271 1898 314 1946 per
324 1899 367 1931 eas
377 1884 480 1933 transita
493 1888 560 1946 (oum
576 1890 704 1933 montanos
714 1901 807 1949 quoque
818 1886 901 1935 Gallos
911 1887 991 1936 obvios
1002 1888 1091 1951 aliquot

143 1960 232 2022 proeliis
246 1960 390 2021 repulisset),
406 1958 538 2018 XXXVII,
554 1958 700 2019 XXXVIII,
716 1962 838 2011 descendit
853 1964 879 2011 in
895 1963 1002 2022 Italiam,
1018 1969 1043 2012 et
1059 1964 1092 2013 ad

144 2032 262 2084 'licinum
278 2034 371 2084 flumen
381 2034 505 2085 Romanos
515 2037 618 2099 equestri
634 2038 715 2100 proelio
725 2038 800 2086 fudit:
816 2038 894 2095 XLV,
905 2038 999 2100 XLVI,
1009 2039 1035 2088 in
1044 2054 1092 2102 quc

144 2112 300 2161 vulneratum
311 2110 339 2161 Ρ.
350 2110 489 2161 Gemelium
500 2112 637 2175 Scipionem
647 2114 748 2176 protexit
758 2113 829 2171 filius,
839 2115 879 2177 qui
887 2114 997 2164 Africani
1007 2122 1091 2178 postes

144 2202 236 2237 nomen
248 2188 349 2249 accepit.
381 2186 435 2245 LV,
447 2187 516 2246 LVI,
534 2188 582 2236 &o-
599 2188 739 2252 Iterumque
749 2191 856 2239 exercitu
871 2190 982 2240 Romano
994 2192 1026 2241 acl
1041 2191 1088 2241 flu·

144 2275 205 2311 men
216 2262 332 2312 Trebiam
341 2264 394 2311 susc
405 2263 530 2313 Hannibal
536 2263 693 2328 Apenninum
703 2281 977 2331 quoque,permagnam
987 2269 1091 2318 militum

146 2340 300 2388 vexationem
314 2345 410 2401 propter
420 2340 470 2388 vim
486 2345 665 2403 tempestatum,
676 2343 776 2391 transiit.
808 2342 863 2400 LX,
874 2343 921 2392 &c
938 2344 985 2393 Gn.
996 2344 1088 2393 Corne·

144 2414 192 2463 lius
203 2414 283 2477 Scipio
293 2415 319 2463 in
329 2414 449 2478 Hispania
459 2422 543 2465 contra
554 2416 640 2466 Poencs
655 2433 765 2480 prospere
776 2420 901 2483 pugnavit,
913 2421 975 2469 duce
985 2421 1090 2470 bostium

145 2491 271 2541 Hannone
279 2494 422 2557 captae-[u.
434 2507 456 2543 o.
467 2494 587 2544 534-535.
619 2510 642 2543 a
654 2509 676 2543 o.
687 2495 818 2558 218-217.]

186 2620 211 2681 Ι.
242 2620 278 2680 In
306 2632 387 2699 parte
414 2624 510 2700 operis
533 2625 591 2681 mei
615 2623 685 2682 licet
711 2623 783 2680 mihi
810 2622 936 2699 praefari,
961 2623 1036 2699 quod
1060 2624 1092 2681 in

145 2700 289 2781 principio
302 2720 425 2759 summae
437 2703 523 2761 totius
542 2702 662 2781 professi
676 2702 807 2779 plerique
821 2712 888 2759 sunt
902 2720 1001 2759 rerum
1020 2702 1091 2760 scri·

148 2790 257 2858 ptores,
267 2780 377 2839 bellum
391 2783 518 2847 maxime
531 2782 661 2840 omnium
675 2780 872 2853 memorabile,
881 2799 947 2858 quae
961 2799 1092 2858 unquam

146 2868 231 2936 gesta
250 2859 316 2930 sint,
331 2879 378 2917 me
398 2861 584 2939 scripturum,
598 2860 675 2938 quod
696 2860 862 2919 Hannibale
875 2861 950 2920 duce
970 2861 1091 2920 Cartha-

146 2938 295 3015 ginIenses
319 2958 388 2997 curn
403 2940 519 3017 ‚populo
546 2940 678 2998 Romano
705 2958 831 3019 gessere.
889 2940 969 3000 Num
996 2944 1124 3020 nequeb

147 3016 304 3076 validiores
320 3018 423 3095 opibus
436 3018 506 3077 ullae
525 3020 601 3077 inter
620 3038 652 3077 se
665 3020 798 3078 ciuitates
816 3029 975 3099 gentesque
991 3032 1090 3081 contu-

148 3094 246 3155 lerunt
268 3114 360 3167 arma,
374 3116 470 3174 neque
490 3098 535 3156 bis
555 3098 625 3175 ipsis
645 3107 757 3157 tautum
771 3118 903 3176 unquam
915 3102 1023 3160 virium
1039 3111 1091 3160 aut

148 3174 258 3234 ruboris
280 3174 351 3234 suit:
383 3187 413 3236 et
433 3176 512 3235 haud
532 3178 645 3255 ignotas
665 3176 734 3236 belli
753 3188 831 3237 artes
850 3180 926 3238 inter
945 3199 1019 3256 sese,
1040 3180 1092 3237 sed

147 3264 283 3331 expertas
302 3256 395 3332 prImo
415 3256 525 3315 Punico
545 3256 734 3317 conserebant
753 3258 848 3316 bello:
873 3267 902 3317 et
922 3258 995 3315 adeo
1008 3258 1091 3317 varia

149 3330 264 3393 fortuna
282 3334 353 3392 belli
367 3355 531 3413 ancepsque
554 3335 635 3395 Mars
650 3335 713 3407 fuit,
735 3346 767 3395 ut
788 3338 905 3414 propius
927 3336 1091 3413 periculum
1105 3343 1142 3397 1⁰

149 3404 264 3483 fuerint,
279 3414 331 3490 qui
344 3416 497 3474 vicerunt:
518 3415 590 3473 odiis
604 3416 692 3474 etiam
713 3435 800 3493 prope
820 3416 978 3491 majoribus
998 3423 1089 3471 certa

149 3500 217 3549 runt
226 3511 317 3569 quam
328 3494 448 3566 viribua
460 3494 600 3553 Romanis
613 3495 838 3573 indtgnantibus‚
849 3492 925 3571 quod
934 3493 1091 3551 victoribus

148 3569 218 3628 victi
240 3572 316 3631 ultro
329 3572 470 3632 inferrent
483 3578 575 3645 arma,
591 3575 698 3645 Poenis,
712 3572 789 3652 quod
806 3574 929 3650 superbe
943 3590 1090 3649 avareque

148 3649 300 3710 crederent
308 3652 504 3729 imperitatum
518 3654 603 3713 victis
616 3674 690 3713 esse.
731 3653 825 3711 Fama
839 3663 882 3711 est
895 3652 993 3722 etiam,
1007 3651 1089 3711 Han-

147 3728 276 3789 nibalern
303 3749 447 3792 annorum
475 3732 564 3792 ferme
591 3752 704 3803 novem,
726 3732 875 3809 pueriliter
895 3732 1090 3791 blandientem
1104 3736 1141 3792 15

148 3809 224 3884 patri
239 3807 415 3885 Hamilcari,
436 3821 469 3873 ut
488 3812 645 3875 duceretur
664 3812 695 3871 tn
720 3810 902 3892 Hispaniam,
927 3830 1006 3885 oum,
1025 3831 1088 3893 per-
