2717 4292
527 241 615 283 mssa
631 242 706 283 1¹11.
746 242 814 282 ou’.
829 242 872 282 11.
1137 232 1193 291 151

198 374 353 446 aetimare,
368 372 428 442 sed,
444 381 476 430 ut
497 373 528 429 in
550 372 653 431 affecto
669 390 788 449 corpore
807 374 942 449 quamvis
962 372 1037 431 levis
1056 392 1149 433 cansa

198 456 293 533 magis
313 473 403 530 quam
425 451 521 510 valido
544 454 662 529 gravior
685 453 849 522 sentiretur,
868 452 909 510 ita
930 462 991 509 tum
1015 472 1102 529 aegrae
1119 464 1148 512 et

198 533 311 591 affectae
325 532 437 590 civitati
451 530 655 607 quodcumque
676 532 790 589 adversi
811 532 954 601 inciderit,
970 550 1026 589 non
1048 550 1147 589 rerum

196 612 408 689 magnitudine,
423 610 475 667 sed
496 611 607 668 viribus
628 612 799 681 extenuatis,
817 629 884 687 qum
903 611 985 681 nihil,
999 612 1076 688 quod
1097 630 1146 688 ag-

197 701 343 769 gravaret,
366 692 425 767 pati
446 698 568 765 possent,
590 690 791 747 aestimandum
812 710 886 747 esse.
928 689 1030 765 Itaque
1045 691 1080 748 ad
1102 698 1175 751 res

197 771 337 841 medium,
356 771 418 845 jam
439 770 490 825 diu
511 788 606 845 neque
627 769 822 826 desideratum
842 788 898 827 nec
919 770 1088 840 adhibitum,
1104 770 1145 827 di-

196 859 338 907 ctatorem
358 847 524 916 dicendum,
545 849 648 905 civitas
669 848 817 925 confugit:
848 859 877 906 et
901 849 970 925 quia
994 860 1023 907 et
1043 851 1146 908 consul
1196 860 1202 870 ’

197 930 307 999 aberat,
323 948 341 985 a
355 947 412 1004 quo
427 946 485 985 uno
499 928 557 983 dici
571 946 652 1003 posse
666 928 827 998 videbatur,
838 946 895 985 neo
909 947 962 1004 per
974 939 1146 1005 occupatam

197 1008 287 1065 armis
308 1007 427 1065 Punicis
447 1006 561 1065 Italiam
576 1005 662 1063 facile
676 1016 739 1064 erat
753 1018 804 1066 aut
824 1008 958 1064 nuntium
972 1016 1023 1065 aut
1036 1009 1147 1065 litteras

196 1088 281 1157 mitti,
303 1106 359 1143 nec
379 1086 549 1143 dictatorem
569 1086 694 1162 populus
719 1105 821 1144 creare
842 1097 961 1162 poterat,
975 1087 1052 1157 quod
1072 1092 1194 1147 nun-10

195 1184 286 1241 quam
302 1175 367 1223 ante
382 1184 446 1222 eam
461 1165 538 1222 diem
560 1164 671 1222 factum
685 1177 757 1236 erat,
779 1166 999 1243 prodictatorem
1021 1166 1146 1242 populus

195 1246 310 1302 creavit
331 1244 370 1310 Q.
387 1244 512 1303 Fabium
531 1242 694 1301 Maximum
708 1254 737 1302 et
756 1246 928 1321 magistrum
948 1246 1080 1322 equitum
1101 1245 1143 1313 M,

196 1322 363 1381 Minucium
378 1322 507 1381 Rufum:
528 1324 632 1398 hisque
646 1324 795 1399 negotium
815 1324 852 1380 ab
866 1334 968 1382 senatu
990 1325 1099 1394 datum,
1113 1335 1146 1383 ut

195 1420 296 1460 muros
316 1412 469 1479 turresque
484 1403 566 1459 urbis
580 1403 730 1459 firmarent
743 1412 772 1459 et
795 1402 929 1478 praesidia
952 1402 1144 1478 disponerent,

194 1482 303 1557 quibus
324 1482 396 1540 locis
409 1482 566 1551 videretur,
588 1491 746 1558 pontesque
760 1480 957 1538 rescinderent
974 1482 1144 1539 fluminum:
1157 1488 1194 1542 15

195 1580 248 1640 pro
269 1562 341 1618 urbe
360 1581 396 1618 ac
416 1562 568 1639 penatibus
582 1559 780 1617 dimicandum
801 1580 874 1630 esse,
895 1558 1011 1636 quando
1031 1558 1146 1617 Italiam

195 1640 272 1698 tueri
289 1642 468 1716 nequissent.

235 1718 289 1777 IX.
312 1718 476 1777 Hannibal
490 1728 569 1777 recto
596 1719 700 1777 itinere
724 1738 777 1795 per
803 1718 957 1777 Umbriam
984 1738 1078 1795 usque
1105 1718 1143 1776 ad

193 1795 356 1875 Spoletium
383 1798 473 1856 venit.
499 1797 598 1869 lude,
620 1817 689 1855 cum
719 1798 906 1876 perpopulato
937 1817 1008 1875 agro
1043 1798 1145 1855 urbem

193 1896 365 1955 oppugnare
379 1878 496 1935 adortus
510 1887 595 1946 esset,
611 1896 679 1934 cum
694 1897 801 1955 magna
821 1878 901 1935 caede
914 1896 1034 1935 suorum
1049 1879 1143 1954 repul·
1153 1884 1194 1939 20

193 1974 253 2025 sus,
279 1958 446 2033 conjectans
471 1976 507 2014 ex
535 1958 623 2013 unius
650 1957 772 2015 coloniae
795 1956 874 2013 haud
897 1958 984 2014 nimis
1010 1975 1143 2033 prospere

193 2044 312 2093 tentatae
336 2037 456 2105 viribus
481 2045 591 2112 quanta
618 2036 709 2093 moles
737 2035 878 2093 Romauae
900 2036 981 2092 urbis
1009 2047 1093 2104 esset,
1112 2036 1142 2092 in

113 2182 115 2189 y
193 2132 301 2191 agrum
316 2114 457 2172 Picenum
472 2116 575 2172 avertit
589 2116 652 2184 iter,
668 2134 725 2172 non
740 2116 823 2191 copia
841 2114 936 2173 solum
949 2116 1042 2171 omnis
1056 2133 1143 2191 gene-

192 2195 234 2251 ris
249 2192 370 2270 frugum
385 2194 589 2263 abundantem,
604 2194 654 2251 sed
672 2193 812 2251 refertum
826 2194 933 2270 praeda,
947 2213 1036 2269 quam
1051 2194 1142 2252 effuse

192 2272 271 2331 avidi
286 2283 373 2348 atque
388 2282 506 2349 egentes
520 2273 681 2349 rapiebant.
723 2272 767 2331 Ibi
778 2292 830 2350 per
840 2274 902 2331 dies
916 2273 1025 2349 aliquot
1038 2275 1142 2331 stativa
1152 2283 1192 2335 25

192 2351 301 2421 habita,
321 2351 505 2428 refectusque
526 2352 611 2409 miles
635 2352 764 2410 hibernis
785 2354 937 2410 itineribus
962 2372 997 2409 ac
1021 2353 1142 2429 palustri

194 2431 242 2487 via
257 2431 427 2507 prcelioque,
444 2432 538 2507 magis
553 2430 589 2489 ad
610 2441 747 2489 eventum
767 2431 895 2489 seeundo
909 2450 998 2506 quam
1018 2432 1142 2489 leviant

192 2507 284 2579 facili,
297 2509 430 2567 affectus.
472 2510 530 2569 Ubi
545 2510 615 2567 satis
629 2510 721 2585 quieti
738 2509 847 2577 datum,
862 2510 959 2585 praeda
973 2528 1008 2566 ac
1022 2510 1140 2584 popula·
1199 2580 1201 2582 ‚

191 2589 321 2647 tionibus
340 2591 435 2667 magis
455 2609 543 2665 quam
564 2590 620 2646 otio
641 2597 692 2646 aut
714 2588 813 2663 requie
834 2588 1040 2663 gaudentibus,
1050 2587 1140 2661 profe-

192 2677 259 2725 ctus
274 2668 486 2726 Praetutianum
507 2668 693 2726 Hadrianum
712 2682 828 2743 agrum,
845 2665 956 2722 Marsos
976 2665 1043 2721 inde
1064 2664 1140 2721 Mar·
1152 2672 1191 2727 30

192 2748 369 2823 ruciuosque
383 2756 411 2805 et
432 2748 567 2824 Pelignos
581 2747 722 2815 devastat,
738 2746 876 2821 circaque
892 2745 988 2820 Arpos
1002 2754 1031 2801 et
1045 2742 1140 2804 Luce-

193 2826 270 2885 riam
284 2826 446 2903 proximam
461 2828 580 2903 Apuliae
595 2827 754 2903 regionem.
796 2824 850 2881 Cn.
866 2824 1010 2881 Servilius
1029 2824 1140 2894 consul,

193 2904 309 2963 levibus
329 2906 441 2981 proeliis
462 2925 531 2963 cum
551 2905 645 2963 Gallis
670 2905 744 2963 actis
765 2913 795 2962 et
818 2923 876 2962 uno
898 2903 1002 2981 oppido
1020 2903 1141 2982 ignobili

192 2995 369 3061 expugnato,
385 2995 536 3062 postquam
556 2984 592 3042 de
606 2985 727 3061 collegae
748 2985 952 3060 exercitusque
966 2984 1045 3042 caede
1059 2984 1139 3053 audi-⁴

192 3062 243 3133 vit,
256 3063 319 3138 jam
330 3065 477 3122 moeuibus
491 3064 592 3140 patriae
605 3074 747 3133 metuens,
758 3082 795 3121 ne
807 3064 919 3121 abesset
929 3064 959 3119 in
973 3063 1140 3121 discrimine
1151 3068 1188 3122 35

193 3151 332 3211 extremo,
348 3143 385 3200 ad
399 3144 500 3201 urbem
515 3144 571 3200 iter
584 3141 715 3201 intendit.

233 3220 272 3286 Q.
288 3220 401 3280 Fabius
422 3221 570 3279 Maximus
591 3222 713 3279 dictator
726 3222 842 3290 iterum,
857 3220 974 3296 quodie
989 3221 1139 3295 magistra-

192 3308 256 3357 tum
276 3300 350 3370 iniit,
373 3312 474 3359 vocato
498 3299 610 3371 senatu,
634 3302 670 3358 ab
694 3301 749 3357 diis
771 3318 863 3370 orsuS,
885 3318 954 3357 cum
979 3298 1141 3356 edocuisset

193 3389 300 3455 patres,
323 3380 388 3455 plus
416 3380 595 3457 negligentia
625 3380 858 3437 caerimoniarum
886 3378 1139 3454 auspiciorumque

192 3475 282 3532 quam
303 3461 465 3516 temeritate
487 3470 573 3536 atque
594 3460 711 3516 inscitia
731 3467 884 3534 peccatum
905 3474 924 3511 a
943 3456 977 3513 C.
995 3455 1140 3513 Flaminio
1149 3462 1187 3515 40

193 3538 313 3594 consule
328 3557 402 3607 esse,
417 3556 540 3614 quaeque
555 3538 672 3613 piacula
693 3538 744 3593 irae
758 3537 845 3593 deum
864 3544 968 3604 essent,
982 3536 1059 3609 ipsos
1072 3534 1140 3592 deos

193 3616 386 3673 consulendos
400 3636 472 3686 esse,
488 3618 619 3693 pervicit,
635 3625 675 3684 ut,
691 3614 767 3690 quod
786 3634 844 3672 non
858 3612 949 3671 ferme
963 3614 1138 3681 decernitur,

193 3692 246 3751 nisi
272 3713 343 3752 cum
368 3704 444 3753 tetra
466 3696 595 3772 prodigia
616 3695 750 3751 nuntiata
771 3703 847 3763 sunt,
869 3693 1027 3751 decemviri
1051 3693 1139 3750 libros

194 3765 354 3849 Sibyllinos
388 3774 468 3832 adire
499 3774 681 3851 juberentur.
733 3772 803 3843 Qui,
831 3772 968 3849 inspectis
1002 3769 1139 3829 fatalibus

384 3922 397 3951 ἱ
