2717 4292
206 284 264 346 146
627 299 687 339 rrrr
708 299 782 340 nrrrr

115 388 136 425 ι
252 430 375 490 bantur:
396 430 477 490 Galli
491 404 586 509 neque
597 430 741 489 sustinere
752 449 784 488 se
795 428 1031 522 prolapsipeque
1045 448 1202 509 assurgere

251 528 289 571 ax
299 511 487 589 voraginibus
501 519 639 587 poterant,
652 519 704 568 aut
713 528 834 587 corpora
848 510 953 567 animis
964 519 1015 568 aut
1026 511 1137 568 animos
1151 531 1201 588 spe

251 591 439 660 sustinebant,
462 590 513 648 alii
536 589 612 649 fessa
633 608 712 668 aegre
733 591 881 649 trahentes
905 589 1046 659 membra,
1069 590 1129 660 alii,
1151 592 1200 648 ubi

250 670 342 729 semel
356 671 441 727 victis
461 670 545 728 taedio
559 670 664 727 animis
678 670 907 746 procubuissent,
922 670 999 727 iuter
1016 670 1151 746 jumenta
1172 684 1198 727 et

221 751 315 827 bipsa
338 749 468 826 jacentia
495 749 604 825 passim
630 750 796 808 morientes.
852 746 1041 825 Maximeque
1069 750 1199 808 omnium

251 829 360 907 vigiliae
382 829 575 887 conficiebant
594 847 645 905 per
668 828 873 904 quadriduum,
885 828 948 903 jam
970 837 1003 886 et·
1019 839 1078 886 tres
1100 839 1200 888 noctes

250 908 389 969 toleratae.
431 908 506 967 Cum
517 909 614 966 omnia
624 908 818 966 obtinentibus
829 908 912 983 aquis
922 908 1005 977 nihil,
1017 909 1067 964 ubi
1077 908 1109 965 in
1119 908 1199 966 sicco

252 987 328 1047 sessa
355 997 517 1047 sternerent
545 1006 674 1065 corpora,
700 987 825 1045 inveniri
853 997 956 1064 posset,
982 987 1140 1044 cumulatis
1168 989 1198 1045 iu

250 1087 342 1147 aquas
362 1068 486 1126 sarcinis
499 1068 619 1144 insuper
633 1066 855 1126 incumbebant:
874 1066 1074 1141 jumentorum
1094 1067 1198 1124 itinere

204 1148 239 1204 10
250 1155 307 1205 toto
333 1155 540 1223 prostratorum
563 1146 671 1224 passim
695 1145 795 1203 acervi
818 1155 940 1216 tautum,
963 1146 1040 1223 quod
1071 1155 1198 1204 exstaret

249 1243 336 1303 aqua,
347 1227 544 1303 quoerentibus
558 1226 594 1284 ad
608 1226 736 1303 quietem
750 1225 833 1302 parvi
846 1226 984 1302 temporis
996 1226 1198 1283 necessarium

248 1306 347 1364 cubile
374 1284 492 1363 dabant.
542 1303 606 1383 Ipse
635 1303 794 1374 Hannibal,
817 1322 896 1381 aeger
922 1302 1017 1364 oculis
1043 1324 1082 1363 ex
1106 1322 1197 1363 verna

249 1385 376 1462 primum
389 1385 561 1462 intemperie
576 1385 707 1442 variante
722 1382 835 1442 calores
846 1382 1022 1461 frigoraque,
1033 1384 1196 1461 elephanto,

248 1465 300 1542 qui
327 1484 404 1523 unus
432 1463 714 1543 superfuerat-quo
741 1463 829 1523 altius
860 1464 899 1521 ab
926 1482 1003 1540 aqua
1029 1472 1193 1521 exstaret-

201 1547 238 1602 15
249 1555 360 1615 vectus,
382 1546 491 1623 vigiliis
517 1555 615 1601 tamen
638 1553 667 1601 et
694 1553 837 1601 nocturno
863 1543 985 1601 humore
1016 1542 1197 1620 palustrique

248 1624 321 1683 caelo
335 1634 475 1703 gravante
489 1633 585 1699 caput,
601 1633 630 1681 et
642 1624 713 1700 quia
733 1622 867 1681 medendi
887 1641 944 1681 uec
957 1622 1040 1681 locus
1054 1641 1110 1682 uec
1123 1632 1196 1681 tern-

149 1738 155 1747 ·
247 1722 302 1781 pus
316 1714 388 1772 erat,
404 1703 494 1761 altero
508 1702 593 1761 oculo
607 1702 731 1779 capitur.

287 1781 341 1841 Ill.
368 1782 470 1840 Multis
490 1782 653 1840 hominibus
674 1782 873 1859 jumentisque
893 1779 971 1840 foede
992 1781 1107 1840 amissis
1126 1800 1197 1840 curn

247 1861 365 1920 tandem
389 1862 425 1920 de
452 1861 607 1939 paludibus
628 1862 801 1933 emersisset,
827 1862 877 1920 ubi
903 1861 1032 1939 primum
1059 1862 1090 1918 iu
1117 1862 1198 1920 sicco

198 1942 238 1999 20
248 1942 348 2019 potuit,
362 1950 459 1999 castra
473 1941 558 2011 locat,
573 1950 744 2018 certumque
759 1959 811 2018 per
823 1942 986 2017 praemisscs
1000 1940 1197 2018 exploratores

247 2020 349 2080 habuit
373 2022 535 2080 exercitum
558 2019 724 2079 Romanum
748 2022 829 2079 circa
851 2020 963 2079 Arretii
984 2021 1094 2078 moeuia
1118 2039 1195 2079 esse.

247 2099 382 2161 Consulis
396 2100 499 2159 deinde
513 2100 634 2159 consilia
648 2110 735 2178 atque
750 2101 880 2158 animum
893 2109 922 2159 et
941 2100 1029 2157 situm
1043 2100 1198 2178 regionum

247 2180 410 2256 itineraque
424 2191 453 2239 et
467 2182 564 2257 copias
579 2179 615 2237 ad
629 2190 808 2239 commeatus
821 2178 1022 2257 expediendos,
1044 2189 1072 2238 et
1086 2189 1196 2251 cetera,

247 2278 313 2335 quae
340 2278 479 2336 cognosse
506 2260 536 2317 in
565 2277 627 2318 rem
655 2269 746 2329 erant,
770 2278 886 2317 summa
908 2259 1004 2317 omnia
1031 2278 1100 2317 oum
1122 2276 1197 2317 cura

198 2338 417 2414 25inquirendo
439 2339 662 2414 exsequebatur.
719 2339 812 2417 Regio
833 2348 896 2397 erat
919 2339 950 2395 in
977 2339 1078 2415 primis
1102 2337 1196 2397 Italiae

248 2416 360 2489 fertilis,
383 2417 502 2476 Etrusci
526 2418 631 2495 campi,
655 2418 707 2494 qui
731 2417 863 2477 Faesulas
885 2419 960 2477 inter
984 2417 1196 2494 Arretiumque

250 2496 353 2569 beent,
369 2496 506 2555 frumenti
528 2516 564 2555 ac
584 2498 697 2574 pecoris
710 2508 739 2556 et
758 2498 888 2555 omnium
905 2497 989 2573 copia
1009 2515 1109 2555 rerum
1124 2516 1194 2575 opu-

259 2578 328 2635 euti.
378 2576 487 2636 Consul
510 2577 591 2635 ferox
611 2577 648 2635 ab
672 2577 826 2635 consulatu
849 2578 954 2654 priore,
978 2586 1008 2635 et
1028 2594 1086 2635 nou
1111 2576 1197 2636 modo

246 2656 347 2734 legum
361 2667 412 2715 aut
431 2667 548 2734 patrum
562 2656 730 2734 majestatis,
744 2656 795 2716 sed
808 2674 846 2714 ne
860 2655 979 2715 deorum
993 2654 1111 2733 quidem
1124 2657 1197 2715 satis

198 2738 236 2794 30
247 2745 396 2794 metuens:
418 2736 495 2794 hauc
515 2736 631 2794 insitam
652 2737 770 2813 ingenio
783 2736 848 2813 ejus
865 2736 1057 2794 temeritatem
1078 2734 1197 2794 fortuna

246 2834 383 2892 prospero
409 2815 545 2873 civilibus
579 2815 751 2892 bellicisque
778 2817 866 2874 rebus
892 2831 1032 2874 successu
1060 2815 1195 2873 aluerat:

225 2922 227 2927 ·
246 2894 344 2970 itaque
363 2894 433 2953 satis
446 2895 611 2971 apparebat,
629 2913 685 2952 nec
699 2895 768 2953 deos
780 2895 978 2954 nechomines
994 2892 1196 2953 consulentem

246 2970 382 3031 ferociter
395 2975 493 3031 omnia
506 2992 542 3031 ac
556 2978 736 3052 prae'properc
751 2984 897 3033 acturum.
938 2974 1064 3051 Quoque
1078 2974 1196 3052 pronior
1272 3036 1277 3045 ,

246 3060 323 3110 esset
335 3053 366 3109 in
377 3053 448 3111 vitia
461 3072 524 3124 sua,
535 3054 645 3131 agitare
654 3074 724 3113 eum
738 3065 824 3132 atque
837 3055 952 3112 irritare
966 3054 1076 3113 Poenus
1089 3063 1193 3130 parat3

197 3134 236 3191 ³5
247 3140 285 3204 et,
300 3130 376 3191 laeva
390 3131 492 3191 relicto
500 3134 589 3206 hoste,
608 3134 740 3193 Faesulas
754 3144 863 3211 petens,
874 3133 968 3192 medio
982 3133 1112 3191 Etruriae
1122 3152 1195 3210 agro

246 3211 406 3289 praedatum
420 3212 574 3290 profectus,
589 3224 729 3291 quantam
743 3214 901 3271 maximam
912 3214 1075 3271 vastitatem
1093 3221 1194 3288 potest,

246 3290 375 3351 aedibus
387 3293 587 3370 incendiisque
601 3294 715 3353 consuli
729 3292 831 3371 procul
845 3291 977 3351 ostendit.
1019 3291 1194 3362 Flaminius,

246 3371 297 3449 qui
310 3392 366 3432 nec
379 3374 476 3450 quieto
489 3371 607 3450 quidem
616 3374 696 3431 hoste
709 3374 771 3449 ipse
784 3373 937 3449 quieturus
951 3381 1022 3440 erat,
1037 3380 1100 3429 tum
1114 3389 1195 3440 vero,

246 3462 397 3530 postquam
410 3471 458 3511 res
472 3454 616 3511 sociorum
631 3462 697 3511 ante
710 3451 810 3510 oculos
823 3471 911 3529 propa
921 3470 989 3509 suos
1003 3450 1074 3507 ferri
1087 3451 1196 3527 agique

198 3531 327 3602 tondit,
352 3550 439 3591 suum
463 3532 492 3589 id
517 3532 644 3591 dedecus
668 3541 757 3601 ratus,
778 3549 831 3607 per
853 3531 978 3590 mediam
994 3531 1057 3607 jam
1077 3528 1194 3589 Italiam

246 3611 349 3687 vagari
373 3610 506 3683 Poenum,
531 3621 617 3687 atque
638 3612 793 3669 obsistente
811 3610 901 3681 nullo,
924 3610 961 3668 ad
982 3611 1046 3687 ipsa
1060 3607 1193 3667 Romana

246 3690 355 3747 moeuia
375 3690 418 3749 ire
438 3690 640 3770 oppugnanda,
655 3690 760 3749 ceteris
773 3689 907 3748 omnibus
926 3690 958 3746 in
974 3689 1096 3747 consilio
1115 3688 1193 3746 salu·

245 3768 321 3823 taria
341 3770 434 3846 magis
454 3788 543 3847 quam
563 3772 694 3847 speciosa
714 3768 911 3840 suadentibus,
924 3769 1070 3847 collegam
1093 3786 1194 3846 exspe·

246 3844 392 3915 ctandum,
408 3856 439 3905 ut
459 3848 621 3924 conjunctis
640 3849 825 3917 exercitibus,
839 3849 987 3907 communi
1008 3848 1106 3906 animo
1124 3864 1194 3907 con-
