2717 4292
457 284 545 325 mern
564 284 628 324 m.
656 283 739 324 ocur.
755 285 818 337 nur,
833 285 895 325 arr.
1110 276 1168 337 133

101 425 103 433 ’
175 416 252 497 pulsi
271 434 376 472 rursus
397 415 524 472 subsidio
546 432 666 474 suorum
690 415 827 492 proelium
847 416 1016 473 restituere:
1044 415 1127 473 varia

173 496 241 555 inde
270 514 371 572 pugna
399 504 553 569 sequentes
581 495 775 570 cedentesque
802 513 871 551 cum
900 494 936 551 ad
963 505 1127 553 extremum

173 585 341 651 aequassent
355 585 514 642 certamen,
528 574 620 649 major
633 585 731 631 tamen
745 592 834 649 quam
848 574 973 631 hostium
1000 572 1130 631 Roman·

172 671 257 711 orum
271 652 349 708 sama
363 654 491 710 victorIre
506 651 570 709 suit.

215 732 300 792 LIII.
323 732 462 790 Ceterum
477 734 587 789 nemini
607 733 738 789 omnium
752 732 845 808 major
862 732 1024 808 justiorque
1037 735 1157 809 quami

174 814 231 891 ipsi
256 812 372 870 consuli
396 811 506 868 videri:
534 811 641 888 gaudio
665 810 771 880 eti'errI,
794 830 854 886 qua
875 823 956 887 parte
978 814 1127 889 copiarum

175 893 252 950 alter
271 890 374 949 consul
397 892 493 947 victus
515 890 596 960 foret,
612 910 648 947 ea
668 910 700 947 se
721 891 845 947 vicisse:
867 892 1012 948 restitutos
1032 911 1068 949 ac
1082 910 1127 948 re·

176 970 269 1030 sectos
283 970 424 1027 militibus
439 970 559 1039 animos,
573 988 629 1027 nec
649 988 827 1045 quemquam
841 989 905 1026 esse
923 981 1028 1045 praeter
1041 970 1127 1028 colle-

175 1070 247 1127 gam
268 1050 319 1125 qui
334 1049 453 1105 dilatam
475 1048 688 1111 dimicationem
702 1048 808 1106 vellet:
829 1067 898 1105 eum
919 1050 1016 1106 auimo
1034 1050 1129 1125 magis

149 1123 152 1131 ’
175 1148 267 1205 quam
293 1146 412 1204 corpore
437 1146 549 1204 aegrum
573 1128 714 1186 memoria
737 1127 868 1185 vulneris
892 1129 986 1185 aciem
1010 1148 1045 1186 ac
1069 1129 1129 1186 tela
1140 1132 1173 1186 10
1197 1158 1201 1164 ⁴

176 1209 315 1266 horrere:
338 1207 387 1264 sed
402 1225 459 1264 non
474 1226 537 1264 esse
548 1226 617 1264 cum
631 1226 711 1283 aegro
720 1206 946 1264 senescendum:
966 1208 1036 1283 quid
1049 1209 1128 1265 enim

177 1288 256 1345 ultra
270 1286 381 1343 differri
396 1296 446 1343 aut
466 1288 521 1343 teri
538 1286 675 1363 tempus?
717 1285 815 1351 Quem
835 1288 953 1343 tertium
968 1287 1127 1356 consulem,

176 1387 266 1443 quem
293 1367 385 1423 alium
409 1366 571 1422 exercitum
594 1364 780 1441 exspectari?
821 1364 925 1421 Castra
944 1365 1127 1443 Carthagini-

177 1448 295 1503 ensium
316 1447 346 1502 in
368 1444 452 1502 ltalia
472 1464 506 1502 ac
530 1462 616 1520 prope
639 1445 670 1499 in
691 1452 847 1519 conspectu
869 1444 949 1500 urbis
969 1462 1050 1501 esse:
1071 1463 1129 1502 non

176 1526 312 1583 Siciliam
327 1544 371 1582 ac
394 1523 560 1580 Sardiniam
583 1523 668 1580 victis
691 1520 848 1598 ademptas,
868 1540 923 1579 nec
945 1524 989 1579 cis
1012 1522 1178 1580 Iberum15
1214 1555 1217 1561 ·

177 1604 354 1680 Hispaniam
378 1604 436 1681 peti
461 1602 511 1659 sed
537 1603 596 1659 solo
621 1602 713 1679 patrio
737 1611 880 1677 terraque,
902 1602 932 1657 in
957 1621 1016 1677 qua
1039 1603 1129 1679 geniti

179 1682 282 1753 forent,
305 1684 374 1759 pelli
403 1682 566 1739 Romanos:
599 1689 768 1757 “quantum
792 1680 1006 1756 ingemiscant''
1035 1683 1130 1757 inquit

179 1769 307 1839 “patres
329 1762 417 1819 nostri
440 1762 520 1819 circa
537 1762 645 1819 moenia
665 1760 852 1837 Carthaginis
874 1760 982 1817 bellare
1003 1761 1088 1830 soliti,
1103 1762 1129 1818 si

178 1843 299 1899 videant
311 1861 373 1899 nos.
385 1841 551 1917 progeniem
565 1859 657 1911 suam,
669 1840 741 1897 duos
755 1840 889 1897 consules
903 1840 1128 1916 consularesque

178 1922 336 1989 exercitus,
351 1922 382 1977 in
396 1920 491 1976 media
506 1918 590 1976 ltalia
609 1930 747 1995 paventes
767 1920 843 1975 intra
857 1930 971 1991 castra3
995 1919 1127 1990 Poenum,
1137 1920 1177 1976 20

178 2000 255 2077 quod
280 2001 356 2057 inter
380 2000 472 2075 Alpes
496 1999 743 2075 Apenninumque
766 1999 829 2075 agri
857 1999 903 2067 sit,
931 2017 993 2055 suae
1014 1998 1129 2056 ditionis

179 2078 326 2138 secissel''
369 2078 442 2135 Haeo
465 2078 594 2134 assidens
617 2096 695 2155 aegro
715 2078 845 2153 collega,
860 2077 924 2135 haec
944 2078 975 2134 in
997 2078 1128 2154 praetorio

179 2177 269 2236 prope
285 2157 541 2220 concionabundus
560 2176 658 2233 agere.
702 2157 876 2213 Stimulabat
889 2166 918 2213 et
938 2167 1051 2234 tempus
1066 2176 1127 2233 pro-

179 2239 323 2315 pinquum
338 2237 528 2305 comitiorum,
543 2254 580 2293 ne
600 2237 629 2293 in
643 2255 732 2293 novos
752 2236 887 2293 consules
908 2237 1018 2293 bellum
1032 2236 1127 2293 differ-

179 2327 271 2386 retur,
287 2326 316 2373 et
336 2318 451 2374 occasio
468 2316 498 2371 in
513 2334 544 2372 se
565 2334 656 2372 unum
671 2314 817 2373 vertendae
836 2316 945 2391 gloriae,
960 2315 1029 2373 dum
1049 2319 1176 2393 aeger25

179 2396 296 2472 collega
323 2405 403 2452 erat:
439 2395 536 2469 itaque
560 2394 756 2470 nequidquam
783 2395 968 2452 dissentiente
994 2395 1128 2453 Cornelio

180 2476 278 2552 parari
294 2474 331 2531 ad
346 2474 537 2550 propinquum
552 2472 700 2530 certamen
715 2473 820 2530 milites
830 2473 923 2548 jubet.

194 2558 195 2563 ’
221 2553 371 2613 Hannibal
395 2572 472 2621 cum,
487 2551 556 2627 quid
573 2554 712 2627 optimum
734 2550 806 2608 soret
820 2552 901 2618 hosti,
923 2561 1063 2620 cerneret,
1078 2552 1128 2608 vix

181 2632 275 2691 ullam
298 2652 378 2708 spem
401 2632 524 2688 habebat
548 2640 656 2688 temere
681 2640 768 2704 atque
792 2628 948 2703 improvido
970 2628 1128 2705 quidquam

181 2712 318 2769 consules
343 2721 468 2768 acturos.
519 2709 594 2767 Cum
619 2709 739 2765 alterius
763 2708 921 2783 Ingenium,
947 2705 1024 2763 fama
1048 2708 1176 2784 priusee

182 2790 286 2848 deinde
307 2808 339 2847 re
360 2790 517 2867 cognitum,
533 2789 675 2865 percitum
697 2807 732 2845 ac
753 2785 834 2855 seror¹
854 2787 942 2843 sciret
962 2806 1034 2855 esse,
1057 2786 1127 2844 sero-

182 2869 306 2945 ciusque
322 2867 431 2925 sactum
446 2887 580 2947 prospero
594 2886 662 2925 oum
677 2866 883 2943 praedatoribus
897 2866 958 2923 suis
971 2867 1128 2925 certamine

183 2948 325 3017 crederet,
352 2947 451 3005 adesse
474 2946 608 3024 gerendae
630 2947 671 3004 rei
697 2945 842 3004 fortunam
869 2945 946 3003 haud
970 2945 1126 3005 diffidebat.

182 3026 277 3103 Cujus
287 3045 325 3084 ne
336 3026 411 3102 quod
423 3026 652 3102 praetermitteret
663 3038 785 3103 tempus,
795 3026 936 3083 sollicitus
945 3027 1128 3103 intentusque

184 3116 254 3175 arat,
284 3105 355 3166 dum
376 3107 432 3163 tiro
456 3106 581 3163 hostium
603 3105 687 3163 miles
710 3116 793 3175 esset,
822 3105 892 3162 dum
915 3105 1065 3163 meliorem
1091 3108 1177 3163 exilit

184 3184 309 3242 ducibus
333 3184 467 3242 inutilem
489 3184 596 3241 vulnus
625 3183 743 3255 faceret,
768 3185 838 3242 dum
863 3184 1014 3242 Gallorum
1040 3186 1129 3242 animi

184 3264 326 3340 vigerent,
341 3283 465 3339 quorum
486 3265 632 3340 ingentem
647 3264 859 3321 multitudiuem
880 3264 989 3320 sciebat
1011 3265 1129 3341 segnius

184 3353 361 3412 secuturam,
377 3353 484 3419 quanto
498 3344 613 3419 longius
628 3343 663 3400 ab
677 3343 760 3401 domo
774 3343 966 3401 traherentur.
1008 3341 1083 3399 Cum
1092 3343 1128 3399 ob

185 3420 248 3479 haec
267 3422 396 3496 taliaque
415 3432 542 3499 speraret
564 3423 756 3499 propiaquum
770 3430 924 3490 certarnen,
939 3430 968 3477 et
983 3419 1088 3490 facere,
1103 3421 1127 3477 si

186 3510 359 3571 cessaretur,
375 3508 503 3578 cuperet,
525 3502 777 3578 speculatoresque
799 3499 956 3557 Galli—ad
976 3519 1011 3556 ea
1032 3500 1178 3575 exple-40

185 3578 285 3649 rande,
312 3599 376 3654 quae
401 3581 517 3651 vellent,
546 3581 673 3650 tutiores,
702 3578 772 3654 quia
796 3579 825 3634 in
854 3578 1003 3654 utriusque
1026 3580 1128 3636 castris

186 3658 501 3736 militabant—paratos
510 3665 615 3737 prignae
623 3679 687 3716 esse
697 3658 840 3715 Romanos
849 3658 1022 3726 retulissent,
1031 3656 1128 3715 locum

187 3732 297 3795 insidiis
324 3740 569 3816 circumspectare
600 3739 709 3795 Poenus
733 3738 829 3814 coepit.
884 3735 965 3795 LIV.
997 3736 1071 3795 Erat
1097 3739 1128 3796 in

188 3815 280 3875 medio
289 3818 371 3876 rivus
382 3818 500 3895 peraltis
511 3820 656 3893 utrimque
667 3817 786 3875 clausus
800 3817 878 3894 ripis,
889 3826 917 3876 et
930 3818 1011 3875 circa
1020 3817 1128 3877 obsitus
