2717 4292
219 312 277 375 180
640 326 699 367 rm
721 326 795 368 nrvu

265 460 380 518 entibus
394 458 481 514 adimi
503 457 662 528 militibus3
686 456 744 526 ille,
760 458 784 513 si
803 457 872 533 quid
894 458 1029 534 projectis
1044 478 1079 516 ac
1090 460 1214 535 proditis

266 540 300 596 ad
317 539 508 595 inconsultam
523 546 609 612 atque
627 537 817 612 improvidam
835 555 962 612 pugnam
985 537 1149 613 legionibus
1164 560 1210 598 ac·

264 619 382 686 cideret,
398 637 439 684 se,
455 618 547 673 omnis
562 616 657 690 culpae
676 625 827 684 exsortem,
843 618 936 672 omnis
950 629 1073 675 eventus
1094 620 1210 694 partici.

264 717 329 774 pem
345 696 414 764 sore,
430 697 555 752 diceret:
577 695 697 763 videret,
714 705 754 763 ut,
769 696 875 769 quibus
890 696 1065 772 linguatam
1080 709 1211 775 prompta

234 781 299 834 bac
313 778 479 844 temeraria,
493 794 576 850 reque
591 775 734 850 inpugna
749 775 880 850 vigerent
895 794 1008 831 manus.

305 855 401 912 XLV.
424 853 502 910 Dum
517 853 753 910 altercationibus
775 855 868 929 magis
882 872 969 928 quam
991 855 1121 912 consiliis
1140 865 1207 913 tem·

263 952 318 1012 pus
331 936 443 1002 teritur,
459 932 606 990 Hannibal
621 951 657 988 ex
673 933 746 1000 acie,
761 950 850 1007 quam
865 933 901 988 ad
915 933 1039 990 multum
1054 933 1112 990 diei
1128 946 1208 992 tenn-

261 1025 325 1070 erat
345 1015 526 1082 instructam,
541 1030 609 1069 curn
630 1011 661 1067 iu
685 1021 783 1068 castra
804 1021 917 1068 ceteras
941 1014 1084 1089 reciperet
1101 1015 1208 1089 copias,

262 1091 408 1148 Numidas
422 1091 457 1147 ad
471 1089 648 1148 invadendos
662 1109 698 1146 ex
718 1091 877 1148 minoribus
891 1092 994 1148 castris
1009 1090 1209 1151 Romanorum

215 1175 251 1231 10
262 1181 415 1246 aquatores
427 1179 508 1227 trans
523 1171 631 1226 flumen
646 1170 742 1226 mittit.
785 1169 885 1234 Quam
899 1170 1076 1227 inconditam
1091 1171 1209 1229 turbam

260 1267 329 1306 cum
339 1249 458 1306 vixdum
467 1249 497 1305 in
507 1249 599 1325 ripam
609 1249 719 1325 egressi
730 1249 857 1305 clamore
868 1268 903 1304 ac
912 1250 1039 1306 tumultu
1049 1248 1208 1327 fugassent,

260 1328 291 1384 in
311 1329 463 1385 stationem
476 1346 592 1404 quoque
610 1346 662 1402 pro
683 1328 760 1384 vallo
781 1328 904 1384 locatam
921 1337 1013 1404 ¹atque
1027 1329 1105 1404 ipsas
1120 1349 1208 1406 prope

260 1418 356 1484 portas
370 1407 464 1465 evecti
478 1418 556 1464 suut.
598 1406 630 1464 ld
644 1425 714 1463 vero
728 1407 879 1483 indignum
894 1407 999 1477 visum,
1015 1408 1051 1463 ab
1065 1410 1205 1466 tumultu-

260 1488 322 1543 ario
333 1488 442 1544 anxilio
453 1487 514 1561 jam
527 1487 614 1543 etiam
628 1497 724 1543 castra
740 1485 872 1542 Romana
883 1489 1005 1558 terreri;
1029 1497 1060 1544 ut
1074 1507 1111 1544 ea
1125 1489 1208 1546 modo

213 1571 250 1626 15
261 1585 321 1622 una
341 1585 441 1635 causa,
459 1585 496 1622 ne
516 1566 661 1640 extemplo
686 1567 840 1622 transirent
860 1566 968 1622 flumen
990 1566 1207 1643 dirigerentque

260 1647 362 1713 aciem,
385 1645 509 1701 tenuerit
537 1643 691 1712 Romanos,
713 1644 788 1718 quod
816 1659 931 1700 summa
956 1646 1068 1721 imperii
1097 1665 1133 1702 eo
1161 1647 1206 1704 die

259 1743 347 1799 penes
362 1724 486 1780 Paulum
506 1721 602 1778 fuerit.
645 1722 745 1796 ltaque
768 1723 863 1780 Varro
879 1734 990 1800 postero
1011 1724 1065 1792 die,
1082 1726 1131 1781 cui
1147 1745 1207 1782 sors

258 1803 323 1878 ejus
337 1802 394 1859 diei
408 1802 521 1877 imperii
531 1811 602 1870 erat,
614 1801 685 1857 nihil
702 1803 832 1859 consulto
843 1803 964 1879 collega,
977 1805 1092 1879 signum
1108 1823 1205 1880 propo

258 1882 316 1938 suit
330 1881 543 1955 instructasque
558 1881 657 1955 copias
674 1881 783 1938 flumen
798 1882 934 1963 traduxit,
950 1893 1089 1958 sequente
1104 1883 1205 1954 Paulo,

210 1961 328 2036 anquis
353 1961 446 2037 magis
468 1979 524 2016 non
547 1961 668 2035 probare
693 1979 781 2035 quam
803 1979 860 2018 non
884 1961 1024 2037 adjuvare
1050 1962 1205 2018 consilium

258 2050 378 2115 poterat.
420 2039 610 2116 Transgressi
629 2040 739 2096 flumen
754 2059 804 2096 eas
820 2059 944 2115 quoque,
960 2059 1033 2115 quas
1047 2041 1078 2097 ia
1099 2043 1205 2099 castris

258 2120 418 2176 minoribus
437 2120 608 2187 habuerant,
633 2120 733 2194 copias
756 2120 816 2176 suis
842 2119 1022 2196 adjungunt3
1054 2130 1143 2195 atque
1166 2122 1205 2178 ita

257 2198 400 2272 instructa
421 2199 494 2265 acie,
510 2199 540 2253 in
554 2197 655 2254 dextro
668 2199 828 2255 cornu—id
843 2210 905 2255 erat
920 2200 1032 2255 flumini
1047 2201 1204 2275 propius-

258 2275 404 2332 Rornanos
428 2277 540 2352 equites
565 2277 670 2346 locant,
693 2277 795 2334 deinde
816 2278 949 2354 pedites:
982 2278 1089 2334 laevum
1111 2297 1203 2336 cornu

209 2356 378 2412 adextrant
394 2357 505 2431 equites
519 2357 673 2423 sociorum,
690 2357 765 2414 intra
780 2358 889 2432 pedites
904 2357 939 2414 ad
961 2357 1088 2414 medium
1107 2359 1204 2434 juncti

209 2481 214 2490 .
258 2434 420 2512 legionibus
443 2435 582 2492 Romanis
604 2446 778 2492 tenuerunt:
805 2436 983 2512 jaculatores
1008 2455 1076 2493 cum
1098 2439 1204 2495 ceteris

257 2514 368 2571 levium
393 2515 684 2572 armorumauxiliis
709 2517 801 2590 prima
829 2515 908 2572 acies
937 2513 1030 2572 facta:
1067 2517 1204 2574 consules

257 2613 368 2652 cornua
401 2606 530 2663 tenuere,
553 2593 711 2651 Terentius
742 2595 858 2664 laevum,
880 2595 1018 2652 AEmilius
1046 2594 1201 2670 dextrum3

258 2671 382 2732 Gemino
396 2674 520 2731 Servilio
532 2673 625 2729 media
640 2692 738 2751 pugna
752 2673 860 2730 tuenda
875 2673 959 2744 data⁸¹
995 2671 1105 2732 XLVI.
1122 2674 1203 2732 Han-

208 2756 247 2810 80
258 2754 336 2810 nibal
356 2753 422 2811 luce
445 2754 547 2829 prima,
562 2753 735 2809 Balearibus
756 2752 872 2828 levique
888 2753 946 2810 alia
967 2763 1115 2811 armatura
1131 2773 1201 2831 prae·

257 2833 354 2900 missa,
370 2843 566 2907 transgressus
587 2833 705 2899 flumen,
723 2842 754 2888 ut
767 2851 898 2908 quosque
917 2832 1094 2902 traduxerat,
1110 2834 1159 2890 ita‘
1173 2835 1202 2890 iu

258 2911 321 2965 acie
344 2910 474 2966 locabat:
506 2910 606 2967 Gallos
629 2910 832 2986 Hispanosque
856 2913 968 2988 equites
996 2930 1083 2988 prope
1109 2914 1201 2988 ripam

257 2987 331 3044 loevo
349 2989 379 3043 in
402 3006 492 3044 cornu
516 2987 656 3046 adversus
673 2989 839 3047 Romanum
861 2992 1042 3066 equitatum;
1064 2990 1200 3048 dextrum

253 3075 348 3125 ‘cornu
372 3067 509 3123 Numidis
537 3069 683 3142 equitibus
708 3069 817 3140 datum,
841 3071 936 3128 media
965 3071 1027 3127 acie
1056 3069 1201 3146 peditibus

209 3149 247 3206 85
257 3146 379 3216 firmata,
394 3148 480 3204 itaut
495 3145 636 3204 Afrorum
650 3159 774 3223 utraque
794 3168 905 3207 cornua
919 3158 1023 3218 essent,
1033 3149 1200 3225 interpone·

258 3235 359 3284 rentur
379 3228 424 3284 his
438 3226 525 3283 medii
547 3225 626 3284 Galli
642 3237 727 3302 atque
748 3227 883 3304 Hispani.
925 3227 1016 3286 Afros
1037 3227 1201 3286 Romanam

257 3326 364 3384 magna
378 3316 516 3382 exparte
537 3307 671 3364 crederes
687 3307 799 3379 aciem;
823 3308 862 3364 ita
877 3309 980 3364 armati
1001 3317 1094 3376 erant,
1111 3308 1201 3366 armis

257 3398 287 3444 et
301 3387 336 3443 ad
358 3386 505 3455 Trebiam,
521 3397 649 3442 ceterum
671 3404 779 3462 magna
793 3405 829 3442 ex
844 3395 924 3461 parte
940 3387 975 3443 ad
991 3386 1199 3444 Trasimenum

258 3467 359 3541 captis.
403 3465 498 3522 Gallis
523 3464 719 3541 Hispanisque
744 3475 828 3523 scuta
850 3466 980 3541 ejusdem
1009 3465 1117 3522 sormae'
1139 3465 1200 3524 fere

210 3548 349 3611 40erant,
364 3545 493 3620 dispares
517 3563 552 3600 ac
575 3545 729 3603 dissimiles
753 3544 851 3620 gladii,
878 3544 973 3601 Gallis
997 3545 1139 3621 praelongi
1164 3564 1200 3602 ac

257 3622 320 3677 sine
341 3622 536 3689 mucronibus,
553 3623 852 3698 Hispano-punctim
875 3625 968 3699 magis
989 3642 1077 3697 quam
1100 3625 1199 3681 caesim

258 3709 372 3755 assueto
386 3709 482 3773 petere
497 3701 786 3757 hostem—brevitate
801 3701 911 3757 habiles
926 3713 1037 3758 etcum
1052 3703 1198 3759 mucroni·

257 3773 322 3829 bus.
363 3776 440 3832 Sane
461 3787 489 3833 et
510 3778 586 3833 alius
599 3779 714 3834 habitus
727 3779 858 3854 gentium
877 3779 981 3836 harum
995 3798 1064 3836 cum
1085 3781 1197 3857 magni·

256 3849 356 3906 tudina
369 3870 522 3927 corporum
541 3866 604 3910 tum
618 3857 715 3931 specie
736 3856 872 3915 terribilis
893 3867 965 3915 erat.
1008 3857 1089 3916 Galli
1109 3875 1198 3936 super
