2717 4292
502 313 589 356 nrnnn
609 314 631 356 ι.
673 315 739 356 cur.
754 314 850 356 xnvn.
1130 299 1169 359 35

173 415 290 505 tendere
318 463 409 522 quam
437 462 506 503 cum
534 445 638 522 imperi
664 445 758 523 jungi,
793 455 826 504 ut
857 444 1124 524 elanguescendum

172 524 269 583 aliena
294 525 416 602 ignavia
439 533 533 582 esset:
562 525 587 582 si
611 525 665 582 sibi
689 543 767 594 eum,
790 544 848 601 quo
868 525 957 602 digna
976 535 1060 596 esset,
1081 525 1122 584 du

171 603 317 664 dedissent
339 605 446 673 virum,
469 603 547 661 domi
570 622 601 662 se
625 623 713 681 prope
737 603 814 662 diem
841 605 972 662 visuram
997 623 1123 682 regnum

171 681 271 754 fnisse,
286 682 363 760 quod
383 681 460 758 apud
480 692 591 759 patrem
606 683 711 740 videat.
753 683 896 742 Celeriter
910 684 1122 742 adolescentem

169 780 232 820 suae
245 763 417 820 temeritatis
425 762 539 840 implet:
555 760 668 820 Lucius
682 761 863 838 Tarquinius
871 774 900 821 et
913 763 1015 821 Tullia
1028 765 1150 822 minor5

170 859 260 918 prope
276 842 452 900 continuatis
472 840 624 900 funeribus
644 860 713 900 cum
730 841 829 914 domos
842 860 952 900 vacuas
972 861 1045 900 novo
1059 862 1121 901 ma·

171 921 305 978 trimonio
330 919 475 992 fecissent,
498 921 664 998 junguntur
685 921 926 1000 nuptiis-magis
946 940 1004 979 non
1023 923 1119 999 prohi-

171 999 255 1058 bente
269 999 373 1057 Servio
384 1019 474 1076 quam
489 999 674 1080 approbante.

212 1077 337 1138 XLVII.
369 1079 448 1137 Tum
476 1080 597 1138 veroin
620 1080 683 1138 dies
704 1078 833 1139 infestior
853 1080 948 1140 Tullii
974 1090 1119 1151 senectus,

169 1157 304 1216 infestius
314 1159 404 1235 coepit
418 1178 541 1237 regnum
555 1178 633 1216 esse:
652 1159 715 1236 jam
728 1162 806 1218 enim
817 1160 854 1220 ab
867 1160 979 1220 scelere
993 1160 1119 1219 adalind
1131 1161 1169 1218 10

169 1247 303 1315 spectare
316 1240 422 1296 mulier
436 1238 542 1308 scelus,
560 1257 615 1296 neo
629 1249 713 1297 nocte
727 1257 783 1297 nec
802 1240 928 1298 interdiu
941 1240 1038 1298 virum
1051 1259 1118 1299 eon-

169 1318 323 1395 qniescere
347 1318 415 1394 pati,
440 1336 477 1375 ne
500 1319 629 1395 gratuita
653 1319 799 1395 praeterita
822 1318 980 1397 parricidia
1002 1327 1118 1377 essent:

170 1398 305 1455 nonsibi
329 1395 464 1468 defuisse,
490 1398 540 1454 cui
563 1397 685 1473 innupta
711 1397 866 1467 diceretur,
890 1417 945 1456 nec
971 1417 1040 1456 oum
1060 1417 1120 1473 quo

170 1477 259 1534 tacita
280 1477 420 1534 serviret:
451 1475 587 1546 defuisse,
612 1477 663 1552 qui
688 1495 720 1533 se
744 1494 833 1554 regno
853 1477 973 1553 dignum
994 1486 1117 1553 putaret,

169 1556 219 1632 qui
233 1557 412 1614 meminisset
426 1575 457 1613 se
471 1575 534 1614 csse
549 1554 812 1630 Prisci'Tarquinii
825 1555 929 1626 filium,
943 1557 995 1632 qui
1012 1556 1118 1613 habere
1130 1559 1167 1614 15

168 1653 258 1711 quam
279 1653 397 1712 sperare
419 1653 542 1714 regnum
562 1634 681 1693 mallet:
704 1635 759 1692 “si
779 1646 812 1693 tu
832 1635 912 1705 ises,
927 1636 978 1692 cui
998 1642 1118 1712 nuptam

168 1733 232 1771 esse
247 1734 294 1774 me
309 1715 440 1784 arbitror,
455 1724 486 1773 et
506 1715 601 1773 virum
616 1724 645 1772 et
665 1714 913 1792 regem-appello:
945 1715 990 1771 sin
1012 1715 1117 1786 minus,
1147 1725 1163 1748 ‘

167 1811 202 1851 eo
216 1812 297 1852 nunc
317 1794 402 1870 pejus
423 1802 533 1852 mutata
549 1812 596 1851 res
609 1803 660 1864 est,
675 1793 753 1870 quod
773 1795 839 1852 istic
852 1812 921 1851 cum
941 1794 1061 1872 ignavia
1074 1804 1117 1853 est

166 1873 276 1931 scelus.
319 1873 401 1940 Quin
421 1873 609 1950 accingeris?
631 1892 688 1930 non
711 1874 762 1931 tibi
786 1875 824 1931 ab
843 1873 988 1943 Corintho,
1010 1892 1065 1932 nec
1079 1875 1117 1931 ab

166 1951 349 2029 Tarquiniis,
371 1961 403 2011 ut
423 1953 497 2030 patri
519 1962 578 2022 tuo,
599 1953 753 2030 peregrina
767 1971 859 2031 regna
879 1952 975 2011 moliri
996 1972 1115 2012 necesse
1124 1955 1165 2010 20

165 2041 227 2090 est:
249 2032 290 2089 dii
309 2041 337 2090 te
358 2041 476 2109 penates
496 2033 648 2109 patriique,
670 2043 699 2091 et
721 2033 811 2109 patris
834 2033 939 2109 imago,
961 2041 991 2088 et
1014 2031 1116 2090 domus

166 2112 261 2188 regia,
277 2120 305 2168 et
329 2112 359 2168 in
380 2110 462 2169 domo
479 2111 578 2190 regale
602 2111 716 2182 solium,
742 2121 771 2169 et
791 2130 897 2169 nomen
919 2110 1116 2187 Tarquinium

165 2200 250 2248 creat
263 2200 405 2266 vocatque
420 2209 530 2268 regem.
572 2193 635 2249 Aut
648 2190 673 2249 si
688 2190 724 2248 ad
738 2191 802 2249 haec
812 2209 916 2268 parum
930 2199 973 2248 est
987 2190 1117 2248 animi—

166 2269 239 2346 quid
262 2268 410 2327 frustraris
434 2271 603 2328 civitatem?
633 2270 704 2347 quid
730 2279 758 2328 te
783 2278 815 2329 ut
837 2271 951 2348 regium
975 2269 1115 2346 juvenem

165 2349 298 2425 conspici
320 2349 413 2406 sinis?
444 2349 555 2422 facesse
577 2350 645 2408 hinc
667 2349 844 2426 Tarquinios
865 2360 915 2408 aut
932 2350 1114 2419 Corinthum,
1124 2351 1164 2404 25

93 2431 95 2436 ‘
166 2427 322 2486 devolvere
337 2439 412 2486 retro
426 2427 463 2485 ad
483 2429 611 2505 stirpem,
633 2428 731 2486 fratris
745 2430 866 2487 similior
886 2448 974 2506 quam
991 2428 1113 2506 patris.'’

167 2505 208 2564 Iis
222 2508 345 2583 aliisque
359 2507 533 2584 increpando
544 2508 684 2583 juvenem
698 2509 824 2584 instigat,
838 2526 894 2566 nec
907 2510 1115 2583 conquiescere

167 2586 231 2662 ipsa
252 2596 351 2663 potest,
367 2587 400 2656 si,
422 2606 491 2645 cum
512 2586 669 2662 Tanaquil,
691 2588 845 2663 peregrina
868 2586 983 2654 mulier,
1003 2596 1116 2643 tantum
1163 2585 1166 2590 ’

167 2667 264 2725 moliri
288 2667 425 2744 potuisset
449 2667 554 2735 animo,
576 2676 609 2723 ut
630 2664 688 2722 duo
708 2665 845 2722 continua
869 2682 959 2741 regna
983 2664 1054 2732 viro,
1079 2683 1115 2722 ac

167 2743 305 2821 deinceps
318 2765 433 2822 genero,
449 2745 581 2814 dedisset,
597 2745 668 2820 ipsa,
684 2744 764 2820 regio
784 2743 894 2800 semine
914 2752 985 2813 orta,
999 2742 1115 2800 nullum
1126 2745 1165 2800 ³0

167 2834 346 2884 momentum
369 2825 400 2882 in
429 2823 522 2882 dando
546 2823 754 2899 adimendoque
777 2841 866 2900 regno
890 2821 1009 2881 faceret.
1059 2822 1116 2881 His

114 2915 119 2921 ·
167 2904 360 2961 muliebribus
387 2905 539 2962 instinctus
573 2901 657 2960 furiis
692 2902 871 2980 Tarquinius
901 2903 1059 2962 circumire
1086 2915 1116 2962 et

167 2998 316 3058 prensare,
341 2984 485 3042 minorum
509 2983 634 3040 maxime
661 2983 802 3060 gentium,
826 2993 931 3061 patres,
960 2984 1114 3042 admonere

167 3063 281 3138 paterni
295 3063 430 3121 beneficii
443 3081 479 3119 ac
494 3081 544 3138 pro
558 3082 592 3120 eo
605 3064 729 3140 gratiam
744 3072 882 3139 repetere,
898 3064 1017 3121 allicere
1033 3063 1115 3122 donis

167 3141 300 3218 juvenes,
315 3160 383 3199 cum
398 3141 433 3200 de
447 3161 479 3200 se
493 3143 621 3220 ingentia
633 3142 804 3220 pollicendo,
819 3151 881 3200 tum
895 3144 974 3221 regis
987 3144 1113 3201 crimini-
1125 3146 1164 3200 35
1181 3169 1187 3179 ·

167 3219 222 3278 bus
236 3221 370 3278 omnibus
384 3221 455 3280 locis
469 3240 618 3279 crescere:
640 3231 790 3299 postremo,
807 3232 838 3280 ut
855 3223 917 3299 jam
932 3222 1051 3298 agendae
1072 3221 1114 3280 rei

167 3308 283 3376 tempus
297 3301 392 3358 visum
412 3310 465 3370 est,
483 3301 603 3376 stipatus
624 3303 740 3378 agmine
761 3311 945 3370 armatorum,
967 3302 998 3356 in
1019 3299 1115 3358 forum

167 3378 290 3455 irrupit:
312 3379 388 3449 inde,
403 3379 536 3437 omnibus
556 3381 699 3457 perculsis
713 3397 827 3457 pavore,
842 3380 872 3435 in
887 3379 968 3454 regia
981 3377 1048 3434 sede
1063 3397 1115 3455 pro

167 3459 253 3515 curia
274 3457 386 3529 sedens,
408 3469 503 3534 patres
525 3459 683 3517 incuriam
703 3476 755 3536 per
774 3475 937 3535 praeoonem
956 3455 992 3512 ad
1015 3473 1114 3532 regem

78 3579 82 3586 .
168 3536 366 3614 Tarquinium
381 3539 465 3595 citari
485 3537 581 3613 jussit.
622 3538 792 3596 Convenere
813 3535 965 3610 extemplo,
981 3534 1031 3591 alii
1052 3535 1164 3610 jamlll

169 3625 235 3674 ante
258 3616 294 3674 ad
317 3617 373 3674 hoc
397 3618 558 3693 praeparati,
575 3616 625 3674 alii
648 3627 737 3685 metu,
759 3634 796 3672 ne
810 3632 867 3673 nou
880 3614 995 3671 venisse
1019 3612 1115 3676 fraudi

169 3705 254 3764 esset,
264 3696 389 3753 novitate
404 3715 440 3753 ac
455 3696 595 3754 miraculo
611 3696 729 3764 attoniti,
741 3703 769 3752 et
779 3694 842 3769 jam
855 3693 891 3750 de
905 3693 1007 3751 Servio
1016 3705 1116 3753 actum

169 3775 235 3832 rati.
278 3773 322 3832 Ibi
344 3774 532 3851 Tarquinius,
554 3773 708 3832 maledicta
729 3773 766 3830 ab
786 3773 874 3850 stirpe
895 3773 997 3832 ultima
1011 3792 1113 3848 orsus;

167 3871 289 3913 servum
312 3872 456 3930 servaque
470 3863 571 3913 natum
592 3862 795 3932 postmortem
815 3853 964 3932 indignam
988 3853 1117 3932 parentis
