2717 4292
519 314 606 356 nunn
622 315 654 356 v.
692 314 758 356 car.
776 314 837 357 xm.
1131 306 1169 368 87

178 446 435 526 prosequebantur,
451 445 686 505 commendantes
706 446 805 505 virtuti
819 465 920 505 eorum
939 446 1126 525 juventaeque

178 528 257 585 urbis
269 544 321 602 per
331 535 476 583 trecentos
487 526 638 603 sexaginta
649 544 739 583 annos
748 527 882 585 omnibus
892 527 975 585 bellis
986 528 1124 599 victricis,

177 624 373 683 quaecumque
388 604 502 681 reliqua
516 615 600 674 esset,
617 603 772 663 fortunam.
814 604 1059 683 Digredientibus,
1074 608 1125 684 qui

177 704 258 762 spem
273 704 387 741 ornnem
404 694 490 760 atque
504 702 587 760 opem
605 703 707 742 secum
726 684 864 755 ferebant,
880 685 916 743 ab
937 686 991 756 his,
1005 688 1056 764 qui
1076 706 1124 745 ca·

177 776 232 841 ptae
251 764 334 821 urbis
348 782 405 821 non
426 781 578 843 superesse
597 773 758 822 statuerant
781 765 876 834 exitio,
900 783 969 822 cum
991 767 1053 842 ipse
1077 770 1154 825 rese

176 844 348 921 speciesque
370 843 544 901 miserabilis
564 852 635 913 erat,
649 852 712 903 turn
733 844 883 902 muliebris
904 845 988 902 fletus
1008 854 1037 903 et
1057 864 1122 903 con-

176 924 306 980 cursatio
327 922 448 993 incerte,
461 940 543 1000 nunc
557 922 608 980 hos
629 942 709 981 nunc
723 923 788 981 illos
801 924 985 999 sequentium
999 925 1122 1001 rogitan-

177 1003 310 1078 tiumque
331 1002 407 1059 viros
431 1010 580 1078 natosque,
602 1003 651 1059 cui
675 1021 707 1060 se
731 1001 789 1061 fato
812 1001 921 1073 darent,
944 1002 1026 1074 nihil,
1049 1003 1124 1080 quod

177 1081 315 1139 humanis
341 1090 506 1157 superesset
533 1080 627 1151 malis,
657 1081 868 1157 relinquebant.
919 1080 1030 1159 Magna
1057 1100 1124 1159 pars

177 1169 276 1217 tamen
295 1178 396 1217 earum
417 1161 447 1217 in
469 1178 569 1218 arcem
590 1177 657 1218 suos
679 1171 841 1237 persecutae
862 1169 937 1231 sunt,
952 1180 1008 1219 nec
1029 1163 1173 1240 probi-1⁰

176 1239 262 1298 bente
278 1239 337 1297 ullo
357 1258 412 1297 nec
427 1249 558 1309 vocante,
573 1239 652 1315 quia,
666 1238 743 1317 quod
757 1240 828 1297 utile
842 1240 965 1298 obsessis
978 1240 1015 1299 ad
1029 1243 1123 1299 minu-

176 1318 282 1376 endam
297 1315 442 1377 imbellem
463 1318 687 1389 multitudinem,
702 1319 731 1375 id
751 1337 855 1395 perum
875 1320 1036 1378 humanum
1049 1330 1121 1379 erat.

177 1398 250 1455 Alia
269 1400 394 1455 maxime
409 1397 501 1475 plebis
514 1398 610 1467 turba,
624 1416 713 1473 quam
730 1415 786 1455 uec
799 1416 905 1473 capere
925 1408 985 1456 tarn
999 1400 1124 1475 exiguus

175 1477 262 1535 collis
275 1496 330 1535 nec
352 1478 430 1535 alere
444 1478 475 1534 iu
493 1486 574 1535 tanta
594 1476 690 1552 inopia
711 1474 847 1533 frumenti
868 1485 985 1553 poterat,
1000 1495 1036 1533 ex
1053 1477 1126 1537 urbe

174 1556 271 1614 effusa
285 1557 365 1615 velut
380 1557 495 1633 agmine
512 1556 575 1632 jam
590 1574 648 1613 uno
669 1555 749 1631 petiit
765 1553 952 1612 Janiculum:
974 1554 1041 1612 inde
1055 1574 1122 1633 pars
1136 1560 1172 1614 15

175 1654 229 1711 per
251 1654 335 1713 egros
357 1636 469 1713 dilapsi,
490 1653 558 1713 pars
578 1635 665 1693 urbes
690 1643 791 1711 petunt
810 1633 956 1703 finitimas,
977 1634 1039 1691 sine
1064 1634 1124 1692 ullo

175 1714 253 1772 ducc
268 1725 318 1773 aut
332 1734 483 1786 consensu,
495 1733 579 1773 suam
593 1714 717 1791 quisque
731 1732 821 1790 spem,
837 1732 890 1770 sua
905 1712 1034 1782 consilia,
1047 1733 1122 1772 com·

175 1794 315 1852 munibus
326 1795 498 1872 deploratis,
513 1804 715 1870 exsequentes.
757 1792 881 1850 Flamen
895 1792 1010 1851 iuterim
1023 1793 1123 1860 Quiri·

174 1872 254 1931 nolis
278 1874 462 1951 virginesque
486 1873 621 1931 Vestales
644 1873 750 1930 omissa
772 1890 871 1929 rerum
894 1889 1015 1930 suarum
1039 1891 1121 1944 cura,

175 1970 244 2027 quae
258 1970 407 2011 sacrorum
429 1972 531 2010 secum
552 1951 679 2023 serenda,
695 1952 871 2028 quaa-quia
885 1951 962 2024 vires
976 1952 1012 2008 ad
1026 1954 1122 2010 omnia
1132 1955 1172 2010 20

176 2030 297 2089 ferenda
317 2030 666 2107 deerant-relinquenda
687 2040 783 2089 essent
802 2029 1006 2100 consultantes,
1021 2031 1122 2107 quisve

175 2128 213 2167 ea
226 2110 309 2168 locus
320 2111 398 2169 fideli
410 2120 611 2168 asservaturus
620 2106 757 2167 'custodia
767 2118 851 2179 esset,
863 2109 1001 2186 optimum
1013 2108 1111 2167 ducun

176 2190 293 2247 condita
306 2191 337 2247 in
356 2190 469 2248 doliolis
483 2189 590 2248 sacello
611 2190 740 2265 proximo
754 2188 864 2246 aedibus
884 2188 1009 2246 flaminis
1023 2188 1110 2254 Quiri

175 2268 343 2327 nelis—ubi
356 2288 436 2327 nunc
449 2270 551 2349 despui
565 2268 668 2346 religio
682 2268 915 2327 est-defodere:
937 2277 1035 2326 cetera
1048 2271 1121 2327 iuter

175 2366 208 2405 se
230 2367 318 2405 onere
337 2350 440 2426 partito
465 2348 562 2406 serunt
576 2347 632 2419 via,
647 2367 713 2425 quae
735 2348 857 2407 sublicio
878 2357 961 2423 ponte
983 2349 1063 2406 ducit
1086 2351 1170 2407 adae

176 2425 357 2485 Jauiculum.
400 2427 433 2486 In
455 2447 489 2485 eo
509 2428 586 2485 clivo
609 2448 660 2486 eas
681 2446 749 2486 cum
768 2427 805 2486 L.
823 2426 961 2484 Albinius
981 2426 1016 2484 de
1038 2428 1121 2503 plebe

176 2505 310 2565 Romana
324 2508 408 2565 homo
429 2507 633 2584 conspexisset,
649 2507 777 2583 plaustro
798 2505 953 2580 conjugem
967 2523 1003 2561 ac
1017 2505 1122 2563 liberos

175 2587 296 2656 habeus
311 2586 386 2643 iuter
400 2596 527 2645 ceteram
548 2586 672 2656 turbam,
688 2602 754 2659 quae
773 2584 883 2639 inutilis
898 2582 973 2638 bello
987 2582 1059 2638 urbe
1073 2602 1121 2639 ex·

175 2665 420 2723 cedebat-salvo
433 2667 520 2724 etiam
539 2675 602 2724 tum
620 2662 785 2721 discrimine
800 2660 974 2717 divinarum
983 2659 1121 2716 humane-

176 2763 302 2820 rumque
330 2745 672 2823 rerum-irreligiosum
694 2750 775 2798 ratus
802 2738 965 2797 sacerdotes
992 2737 1171 2815 publicos30

176 2842 320 2899 sacraque
341 2825 439 2902 populi
461 2824 584 2883 Romani
603 2820 724 2898 pedibus
744 2821 788 2877 ire
809 2817 945 2895 ferrique,
960 2838 992 2876 se
1006 2837 1041 2876 ac
1056 2835 1123 2875 suos

176 2904 207 2960 in
223 2903 359 2973 vehiculo
372 2906 509 2981 conspici,
524 2901 699 2960 descendere
714 2918 835 2958 uxorem
849 2913 885 2956 ac
906 2917 1010 2974 pueros
1026 2897 1121 2974 jussit,

176 2982 307 3059 virgines
321 3002 464 3060 sacraque
478 2984 508 3039 in
522 2982 687 3059 plaustrum
698 2980 834 3058 imposuit
847 2989 876 3037 et
889 2978 981 3050 Caere,
996 2991 1054 3056 quo
1067 2979 1123 3036 iter

177 3061 375 3120 sacerdotibus
389 3071 460 3131 erat,
471 3062 612 3139 pervexit.
1228 3125 1230 3128 ,

219 3139 300 3198 XLI.
323 3140 424 3199 anae
444 3141 568 3210 interim,
580 3140 648 3211 satis
659 3140 722 3216 jam
735 3138 868 3197 omnibus
882 3138 957 3195 utin
973 3137 1025 3195 tali
1040 3155 1071 3193 re
1086 3135 1121 3194 ad
1133 3141 1170 3195 35

178 3219 316 3277 tuendam
331 3240 429 3279 arcem
443 3220 615 3296 compositis,
627 3218 712 3277 turba
726 3220 872 3277 seniorum
883 3215 981 3274 domos
991 3234 1123 3291 regressa

177 3298 336 3357 adventum
350 3300 475 3358 hostium
489 3300 627 3358 obstinato
639 3298 674 3356 ad
689 3308 810 3355 mortem
821 3296 917 3351 animo
927 3293 1121 3370 exspectabat.

178 3377 239 3444 Qui
254 3397 355 3436 eorum
376 3380 495 3438 curules
516 3387 667 3456 gesserant
689 3377 883 3453 magistratus,
899 3380 931 3429 ut
950 3374 981 3428 iu
1002 3370 1122 3428 fortunar

179 3458 308 3533 pristinas
328 3458 526 3536 honorumque
548 3468 598 3516 aut
616 3456 731 3515 virtutis
751 3452 913 3529 insignibus
933 3461 1121 3519 morerentur,

179 3554 245 3612 quae
259 3540 467 3614 augustissima
477 3539 564 3596 vestis
579 3547 622 3595 est
631 3545 728 3594 tensas
739 3531 910 3590 ducentibus
923 3529 1121 3605 triumphanti·
1132 3535 1170 3588 40

179 3615 279 3685 busve,
292 3636 328 3674 ea
340 3618 434 3676 vestiti
446 3618 539 3675 medio
549 3617 655 3675 aedium
670 3614 787 3672 eburnis
797 3610 877 3667 sellis
891 3607 1001 3684 sedere.
1039 3606 1120 3669 Sunt.

180 3695 239 3771 qui,
255 3694 298 3752 M.
320 3696 412 3755 Fabio
431 3698 564 3774 pontifice
587 3696 713 3753 maximo
733 3687 872 3768 praefante
883 3704 1024 3757 cannen,
1039 3685 1123 3744 devo·

180 3775 256 3834 visse
281 3795 330 3833 eos
352 3796 383 3833 se
405 3796 455 3854 pro
477 3777 570 3854 patria
591 3771 812 3847 Quiritibusque
834 3766 982 3835 Romanis,
1001 3764 1123 3827 tradant.

182 3848 271 3925 Galli,
287 3856 399 3933 etquis
419 3854 585 3934 interposita
598 3861 682 3912 nocte
696 3870 715 3909 a
727 3848 906 3908 contentione
921 3864 1026 3924 pugnae
1040 3847 1124 3904 remi-
