2717 4292
472 316 559 357 aman
580 316 625 356 ιιι.
649 310 728 356 'can
744 316 830 358 nrm.
1107 302 1148 365 78

146 447 381 524 colebanturque
395 446 552 525 religiones
565 446 611 525 pie
626 448 721 523 magis
733 464 823 524 quarn
843 448 1010 525 magnifice.
1049 446 1102 507 lio-

146 526 213 585 dem
235 528 407 585 auotoribus
420 527 570 603 cognitum
589 536 641 596 est,
661 526 775 603 AEquos
787 526 967 605 Volscosque
985 544 1104 585 summa

145 607 175 665 vi
198 606 313 663 bellum
338 624 489 683 apparare.
532 603 634 682 Itaque
657 606 759 683 partiri
782 608 947 682 provincias
966 607 1103 665 consules

141 686 238 762 jussi:
261 685 385 743 Horatio
406 685 517 753 Sabini,
539 684 659 743 Valerio
680 686 771 761 AEqui
791 705 926 743 evenere.
967 686 1044 743 Cum
1064 685 1101 744 ad

144 785 181 822 ea
208 765 289 822 bella
309 765 450 822 dilectum
472 764 637 833 edixissent,
659 763 758 822 favore
780 764 873 840 plebis
893 784 949 823 non
970 766 1131 843 juniores&

143 842 241 915 modo,
256 845 308 901 sed
323 844 452 901 emeritis
460 844 548 901 etiam
557 844 715 919 stipendiis,
724 862 793 920 pars
806 863 913 922 magna
926 846 1101 902 voluntario·

144 942 215 981 rum
231 924 269 981 ad
280 925 399 981 nomIna
410 922 505 980 danda
518 934 621 998 praesto
635 922 726 992 suere,
736 942 829 999 eoque
842 942 899 980 non
910 924 994 1000 copia
1008 924 1100 995 modo,

143 1003 197 1061 aed
227 1021 338 1081 genere
367 1004 455 1060 etiam
484 1003 618 1071 militum,
647 1003 793 1060 veteranis
819 1002 963 1073 admixtis,
991 1002 1102 1060 firmior

143 1082 297 1140 exercitus
326 1080 390 1139 suit.
446 1082 621 1157 Priusquam
647 1083 750 1138 urbem
777 1082 995 1160 egrederentur,
1020 1082 1101 1160 leges

143 1160 507 1237 decemvirales—quibus
521 1161 628 1217 tabulis
641 1160 795 1219 duodecim
808 1172 851 1218 est
865 1162 1042 1219 nomen-iu
1060 1180 1101 1220 aes
1112 1164 1150 1220 1⁰

143 1240 256 1298 incisas
265 1241 295 1296 ln
304 1240 422 1317 publico
430 1250 648 1317 proposuerunt.
670 1240 755 1309 Sunt,
764 1239 815 1317 qui
822 1241 908 1318 jussu
916 1241 1101 1299 tribunorum

144 1318 248 1377 aediles
262 1318 379 1377 iunctos
388 1340 422 1377 eo
436 1320 595 1377 ministerio
607 1319 746 1376 scribant.

187 1397 300 1458 LVIII.
323 1398 358 1457 C.
372 1397 524 1468 Claudius,
539 1398 590 1473 qui
608 1416 728 1474 perosus
741 1397 973 1456 decemvirorum
987 1398 1100 1457 seelera

143 1486 175 1535 et
199 1488 267 1536 ante
291 1497 393 1537 ornnes
417 1476 514 1535 fratris
537 1476 591 1534 filii
615 1476 760 1553 superbiae
782 1476 913 1548 infestus,
938 1476 1099 1555 Regillum,

144 1558 299 1634 antiquam
322 1559 354 1615 in
379 1559 503 1635 patriam
523 1575 555 1613 se
569 1556 742 1626 contulerat,
766 1556 793 1613 is
816 1575 922 1633 magno
942 1556 1004 1633 jam
1027 1558 1149 1615 catulo

143 1655 216 1694 curn
240 1637 278 1694 ad
302 1637 435 1713 pericula
459 1636 524 1712 ejus
545 1634 730 1712 deprecanda
756 1634 886 1705 redisset,
914 1636 1001 1712 cujus
1028 1637 1100 1694 vitia

144 1714 273 1793 fugerat,
298 1715 461 1773 sordidatus
484 1733 553 1773 cum
573 1715 732 1792 gentilibus
746 1714 958 1792 clientibusque
982 1716 1013 1772 in
1038 1714 1099 1773 foro

143 1796 303 1871 prensabat
323 1796 455 1873 singulos
468 1794 635 1871 orabatque,
657 1814 694 1852 ne
706 1794 840 1852 Claudia
852 1796 932 1872 genti
953 1814 1019 1853 eam
1033 1796 1097 1852 inu·

142 1885 221 1932 stam
245 1876 396 1933 maculam
415 1875 533 1942 vellent,
555 1884 588 1931 ut
611 1892 732 1931 carcere
746 1884 775 1931 et
788 1874 915 1931 vinculis
929 1874 1098 1933 viderentur

142 1954 244 2031 digni:
267 1956 365 2011 virum
379 1953 606 2011 honoratissimae
619 1954 756 2031 imaginis
767 1952 899 2010 futurum
910 1954 946 2010 ad
960 1966 1095 2030 posteros,
1105 1957 1147 2013 20

141 2033 245 2111 legum
266 2034 389 2091 latorem
404 2033 637 2109 conditoremque
659 2033 784 2090 Romani
801 2033 1015 2109 juris-jacere
1034 2034 1096 2089 vin·

141 2123 226 2171 ctum
240 2113 318 2171 inter
332 2112 412 2170 sures
426 2122 582 2169 nocturnos
596 2131 632 2169 ac
642 2111 788 2170 latrones!
809 2112 987 2169 Averterent
1001 2112 1037 2169 ab
1050 2113 1096 2171 ira

140 2211 304 2270 parumper
318 2192 354 2249 ad
374 2192 567 2268 cognitionem
588 2193 849 2270 cogitationemque
863 2193 983 2262 animos,
998 2201 1027 2249 et
1046 2212 1095 2269 po

140 2273 201 2329 tius
215 2291 310 2329 unum
330 2280 371 2329 tot
392 2270 523 2329 Claudiis
546 2270 768 2346 deprecantibus
788 2271 991 2343 condonarent,
1005 2291 1095 2350 quam
1176 2320 1184 2329 ,

141 2361 261 2428 propter
276 2352 364 2408 unius
379 2350 477 2407 odium
491 2349 646 2407 multorum
661 2370 764 2426 preces
777 2362 1012 2427 aspernarentur.
1054 2351 1094 2409 Se
1103 2356 1144 2411 25

140 2450 259 2507 quoque
274 2430 304 2487 id
317 2430 418 2507 generi
433 2448 468 2487 ac
488 2430 598 2487 nomini
618 2429 697 2501 dare,
713 2449 768 2488 nec
789 2449 858 2488 oum
872 2450 906 2488 eo
920 2432 950 2487 in
969 2433 1094 2509 gratiam

141 2509 263 2579 redisse,
279 2510 366 2585 cujus
385 2508 514 2566 adversae
531 2506 652 2566 sortunae
666 2510 736 2566 velit
749 2528 935 2567 succursum.
976 2510 1094 2567 Virtute

141 2588 308 2646 libertatem
330 2600 532 2665 recuperatam
556 2608 628 2657 esse,
644 2588 800 2644 clementia
820 2587 1006 2645 concordiam
1018 2589 1092 2645 ordi-

140 2686 214 2725 num
242 2668 366 2726 etabiliri
394 2687 486 2743 posse.
537 2666 640 2735 Erant,
669 2685 742 2742 quos
766 2674 895 2722 moveret
920 2685 976 2723 sua
999 2668 1093 2743 magis

140 2747 258 2823 pietate,
274 2766 363 2823 quam
377 2747 450 2822 ejus,
472 2765 523 2822 pro
537 2764 595 2823 quo
609 2746 723 2823 agebat,
738 2763 846 2802 causa:
867 2744 917 2802 sed
939 2744 1092 2822 Virginius
1103 2750 1141 2805 30

139 2828 188 2883 sui
203 2827 298 2902 potius
310 2826 516 2883 misererentur
529 2826 629 2883 orabat
643 2826 778 2902 filiaeque,
787 2842 843 2882 uec
853 2826 947 2901 gentis
961 2825 1092 2884 Claudiae

140 2922 268 2982 regnum
289 2906 319 2961 in
340 2905 454 2981 plebem
467 2906 573 2962 sortitae
593 2904 644 2962 sed
664 2906 895 2963 necessariorum
909 2905 1092 2984 Virginiae-

140 2986 231 3041 trium
245 2984 572 3060 tribunorum—preces
586 2984 728 3054 audirent,
743 2986 803 3061 qui,
823 2985 860 3042 ad
873 2986 1017 3043 auxilium
1030 2987 1089 3063 ple-

140 3064 185 3121 bis
210 3063 313 3133 creati,
334 3064 389 3139 ipsi
408 3063 500 3139 plebis
520 3063 607 3120 iidem
628 3073 715 3140 atque
729 3065 871 3122 auxilium
892 3066 1089 3144 implorarent.

138 3141 285 3201 iustiores
299 3142 345 3199 he
358 3142 489 3200 lacrimae
498 3142 687 3200 videbantur:
709 3144 806 3221 itaque
820 3164 871 3221 spe
881 3146 982 3216 incisa,
997 3148 1088 3224 prius-
1100 3151 1138 3206 35

138 3240 230 3296 quarn
246 3220 375 3298 prodicta
389 3222 450 3279 dies
464 3221 585 3292 adesset,
601 3223 716 3299 Appius
730 3234 851 3281 mortem
869 3225 924 3282 sibi
937 3227 1087 3285 conscivit.

139 3300 272 3359 Subinde
294 3310 427 3378 arreptus
448 3321 465 3358 a
489 3300 522 3359 P.
539 3301 704 3360 Numitorio
724 3302 775 3378 Sp.
798 3302 919 3379 Oppius,
940 3306 1089 3379 proximus

138 3379 268 3450 invidiae,
294 3380 370 3455 quod
397 3381 428 3437 in
452 3381 525 3437 urbe
550 3378 652 3452 fuerat,
678 3401 748 3439 cum
776 3382 890 3457 injustae
914 3383 1048 3440 vindiciae
1071 3404 1090 3441 a

139 3459 257 3535 collega
267 3458 443 3517 dicerentur.
486 3458 556 3517 Plus
569 3470 666 3518 tamen
682 3460 759 3519 saeta
772 3461 880 3535 injuria
894 3459 986 3537 Oppio
1000 3481 1089 3538 quam

139 3556 198 3595 non
219 3538 362 3613 prohibita
383 3538 499 3597 invidiae
520 3538 607 3598 fecit:
629 3542 708 3598 testis
728 3540 893 3616 productus,
907 3542 958 3615 qui
978 3554 1088 3618 septem
1097 3548 1138 3603 40

139 3626 168 3674 et
183 3617 288 3693 vigInti
310 3620 488 3676 enumeratis
507 3620 656 3697 stipendiis
675 3621 765 3677 octies
788 3629 870 3676 extra
890 3620 1019 3677 ordinem
1040 3622 1087 3681 do-

140 3705 237 3767 natuS,
266 3696 399 3773 donaque
427 3716 463 3754 ea
489 3718 593 3776 gerens
619 3700 649 3755 in
677 3709 834 3775 conspectu
858 3700 1089 3778 populi—scissa

141 3784 221 3833 veste
236 3783 351 3853 tergum
362 3776 523 3835 laceratum
534 3779 624 3856 virgis
638 3778 769 3850 ostendit,
783 3779 908 3837 nihilum
919 3780 1087 3859 deprecans,

141 3854 223 3929 quin,
244 3855 270 3913 si
290 3874 379 3931 quam
399 3875 484 3914 suam
502 3875 607 3916 noxam
629 3877 698 3917 reus
715 3859 812 3918 dicere
831 3871 936 3938 posset,
957 3864 1088 3937 privatus
