2717 4292
222 336 281 399 124
634 343 694 386 ’nrt
714 341 789 384 ttvn

269 490 368 546 naves,
381 492 492 551 quauta
512 472 638 531 maxima
652 473 732 550 potui
746 472 903 541 celeritate,
917 480 996 531 tauto
1013 470 1105 530 maris
1123 481 1215 533 terra-

271 572 393 630 rumque
408 554 533 611 circuitu
547 554 578 609 in
599 552 746 610 radicibus
760 570 847 628 prope
861 550 983 628 Alpium
1001 551 1072 609 hnic
1087 551 1216 611 timendo

270 633 344 691 hosti
358 632 460 690 obvius
482 631 534 689 sui.
577 631 693 700 Utrum,
708 650 777 689 cum
797 630 974 688 declinarem
988 641 1146 701 certarnen,
1162 633 1214 689 im-

271 712 402 788 provisus
426 710 560 769 incidisse
581 710 680 767 videor
702 728 739 766 an
763 727 919 767 occurrere
939 710 970 766 in
989 711 1120 787 vestigiis
1139 710 1216 786 ejus,

243 792 415 849 hlaccssere
436 809 471 849 ao
491 790 606 847 trahere
628 788 664 847 ad
685 787 922 845 decernenduml
964 787 1102 863 Experiri
1118 789 1214 865 juvat,

272 880 369 929 utrum
397 869 467 927 alios
494 877 610 945 repente
634 867 889 943 Carthaginienses
915 885 967 942 per
994 867 1096 944 viginti
1124 887 1216 928 annos
1284 923 1287 930 ,

271 957 350 1007 terra
363 948 492 1017 ediderit,
508 966 545 1004 an
566 946 653 1003 iidem
673 946 739 1015 sint,
754 947 804 1021 qui
826 944 862 1002 ad
877 945 999 1022 AEgates
1018 948 1215 1023 puguavffl
1227 941 1302 993 Μ’(

204 1068 205 1071 ¹
271 1028 391 1097 insulas,
405 1037 434 1086 et
451 1045 523 1101 quos
538 1026 574 1083 eb
588 1024 688 1099 Eryce
703 1023 906 1082 duodevicenis
918 1024 1046 1081 denariis
1060 1027 1216 1085 aestimatos

272 1107 422 1163 emisistis:
454 1115 483 1163 et
503 1100 604 1163 ¹utrum
628 1102 776 1161 Hannibal
800 1103 849 1161 hic
871 1104 909 1161 sit
932 1103 1056 1160 aemulus
1076 1105 1215 1163 itinerum

225 1185 262 1243 10
272 1184 420 1253 Herculis,
442 1194 474 1242 ut
498 1184 560 1259 ipse
585 1182 649 1253 sert,
670 1201 709 1240 an
731 1181 884 1259 vectigalis
903 1181 1164 1259 stipendiariusque
1186 1192 1217 1243 et

271 1282 373 1321 servus
386 1262 484 1340 populi
501 1262 625 1321 Romani
639 1281 657 1319 a
670 1261 902 1339 patrerelictns:
923 1279 1012 1337 quem
1029 1262 1087 1319 nisi
1099 1262 1215 1339 Sagun.

271 1342 364 1400 tinum
384 1343 480 1399 scelus
501 1341 632 1419 agitaret,
647 1341 803 1416 respiceret
822 1338 958 1415 proiecto,
973 1340 999 1397 si
1017 1359 1077 1400 non
1089 1342 1216 1416 patriam

271 1422 389 1491 victam,
410 1420 527 1479 domum
550 1431 629 1478 certe
653 1429 821 1495 patremque
845 1427 873 1477 et
900 1417 1012 1477 soedera
1035 1418 1217 1479 Hamilcaris

272 1500 380 1577 scripta
393 1518 491 1571 manu,
506 1500 557 1576 qui
574 1499 674 1575 jussus
688 1498 726 1555 ab
738 1496 857 1557 consule
871 1508 967 1556 nostro
986 1498 1153 1574 praesidium
1166 1499 1216 1559 de·

142 1586 145 1591 '
226 1576 261 1634 ,ta
272 1578 354 1637 duxit
368 1579 404 1637 ab
418 1578 537 1655 Eryce;
555 1579 606 1654 qni
619 1596 724 1655 graves
737 1577 884 1654 impositas
897 1576 982 1637 victis
995 1577 1217 1655 Carthaginien

272 1659 352 1715 sibus
374 1657 454 1733 leges
482 1656 607 1715 fremens
636 1675 817 1733 maerensque
837 1656 970 1734 accepit3
999 1658 1051 1733 qui
1070 1657 1217 1718 decedens

272 1736 373 1801 Sicilia
387 1736 559 1811 stipendium
580 1736 684 1811 populo
704 1734 835 1793 Romano
855 1735 925 1793 dare
944 1746 1047 1811 pactus
1062 1747 1117 1794 est.
1158 1737 1216 1796 lta·

233 1828 243 1846 ¹
272 1834 328 1891 que
346 1833 397 1873 vos
418 1833 481 1892 ego,
496 1815 610 1883 milites,
626 1832 683 1871 non
704 1834 739 1871 eo
760 1814 854 1873 solum
876 1815 981 1885 animo,
995 1834 1053 1890 quo
1075 1815 1217 1877 adversus

273 1893 344 1953 alios
357 1894 451 1951 hostes
473 1893 579 1963 soletis,
595 1912 726 1970 pugnare
747 1894 844 1963 velim,
860 1893 911 1951 sed
932 1913 1001 1951 cum
1019 1895 1217 1971 indignatione

226 1969 397 2049 boquadam
419 1984 504 2049 atque
525 1974 578 2042 ira,
596 1974 676 2031 velut
696 1973 721 2029 si
742 1991 840 2031 servos
861 1973 983 2031 videatis
1002 1985 1113 2031 vestros
1132 1994 1216 2033 arma

272 2062 388 2126 repente
403 2061 502 2111 contra
521 2071 571 2109 vos
590 2051 726 2111 ferentes.
767 2049 867 2109 Licuit
885 2051 922 2108 ad
940 2051 1070 2127 Erycem
1089 2053 1216 2126 clausos,

273 2131 374 2189 ultimo
387 2132 527 2208 supplicio
538 2131 740 2199 humanorum,
752 2130 828 2188 same
839 2130 1011 2200 interficere,
1023 2132 1106 2190 licuit
1117 2133 1216 2191 victri-

272 2228 338 2267 cem
352 2209 475 2267 classem
490 2210 520 2267 in
535 2208 670 2268 Africam
685 2210 819 2285 trajicere
834 2219 920 2285 atque
940 2210 1018 2267 intra
1031 2230 1140 2287 paucos
1153 2211 1217 2270 dies

273 2288 334 2345 sine
356 2287 416 2345 ullo
437 2290 594 2346 certamine
614 2287 821 2364 Carthaginem
841 2288 949 2345 delere.
991 2288 1117 2347 Veniam
1137 2289 1215 2348 dedi-

223 2365 338 2424 tamus
358 2367 551 2442 precantibus,
566 2366 716 2424 emisimus
736 2386 773 2424 ex
793 2367 947 2436 obsidione,
962 2386 1064 2444 paoem
1085 2387 1154 2427 cum
1172 2371 1215 2428 vi-

272 2446 327 2504 ctis
349 2444 478 2514 lecimus,
494 2446 591 2505 tutelae
615 2444 719 2503 deinde
742 2456 847 2504 nostrae
867 2445 1013 2516 duximus,
1027 2466 1096 2505 cum
1110 2446 1217 2507 Africo

273 2524 348 2583 bello
369 2535 552 2603 urgerentur.
594 2524 649 2582 Pro
669 2525 715 2583 his
735 2525 896 2601 impertitis,
916 2523 1058 2584 furiosum
1075 2527 1216 2602 juvenem

272 2614 434 2680 sequentes,
449 2614 645 2681 oppugnatum
660 2605 783 2679 patriam
800 2615 929 2661 nostram
942 2605 1072 2663 veniunt.
1115 2606 1216 2683 Atque

273 2685 383 2746 utinam
406 2703 456 2759 pro
479 2683 582 2741 decore
606 2693 718 2741 tantum
738 2682 794 2741 hoo
813 2684 894 2741 vobis
917 2692 946 2741 et
969 2703 1027 2742 non
1049 2703 1100 2761 pro
1121 2686 1216 2744 salute

224 2759 262 2814 30
273 2773 347 2821 esset
361 2762 525 2821 certamen!
565 2762 633 2820 Nou
648 2762 684 2819 de
698 2763 874 2838 possessione
889 2761 999 2820 Siciliae
1012 2782 1049 2821 ae
1062 2763 1215 2835 Sardiniae,

273 2841 309 2899 de
322 2841 428 2916 quibus
441 2840 585 2916 quondam
606 2840 756 2916 agebatur,
770 2841 821 2898 sed
841 2860 893 2917 pro
906 2840 991 2900 ltalia
1005 2842 1085 2899 vobis
1098 2852 1143 2900 est
1163 2861 1215 2919 pu·

272 2918 437 2995 gnandum:
459 2936 514 2976 nec
535 2929 578 2977 est
599 2920 674 2977 alius
689 2920 725 2976 ab
745 2930 827 2996 tergo
846 2921 1002 2990 exercitus,
1017 2921 1077 2997 qui,
1091 2922 1149 2979 nisi
1163 2941 1217 2980 uos

273 2998 425 3066 vincimus,
441 2995 513 3055 hosti
533 2998 659 3068 obsistat,
678 3016 734 3056 nec
756 2999 849 3075 Alpes
871 2999 937 3057 aliae
957 3009 1034 3068 sunt,
1048 3019 1122 3074 quas
1144 3001 1216 3059 dum

272 3086 417 3151 superant,
432 3077 594 3151 comparari
614 3095 690 3134 nova
711 3078 819 3153 possint
839 3078 982 3154 praesidia.
1023 3078 1083 3136 Hic
1103 3088 1147 3137 est
1167 3080 1215 3138 oh

224 3154 261 3207 35
272 3154 415 3225 standum,
430 3155 545 3226 milites,
557 3155 636 3214 velut
650 3158 674 3214 si
690 3166 755 3214 ante
770 3156 902 3215 Romana
916 3158 1025 3214 moenia
1039 3176 1215 3233 pugnemus.

273 3234 480 3311 Unusquisque
494 3254 524 3293 se
538 3254 595 3293 non
610 3255 715 3311 corpus
724 3254 820 3303 sunm,
831 3234 883 3292 sed
893 3236 1047 3312 conjugem
1062 3256 1098 3294 ac
1109 3237 1217 3296 liberos

273 3332 375 3390 parvos
389 3315 477 3371 armis
488 3324 635 3391 protegere
650 3323 730 3390 putet
738 3335 746 3386 ;
767 3334 822 3372 nec
832 3313 1005 3372 domesticas
1018 3314 1111 3373 solum
1126 3316 1218 3392 agitet

272 3410 368 3461 curas,
380 3392 430 3451 scd
444 3393 599 3451 identidem
613 3393 667 3451 hoc
679 3394 775 3451 animo
789 3402 910 3468 reputet,
921 3404 1033 3451 nostras
1046 3412 1125 3452 nunc
1139 3396 1219 3453 intu.

273 3473 315 3529 eri
330 3490 432 3529 manus
446 3484 580 3529 senatum
594 3468 789 3549 populumque
803 3471 987 3545 Romannm;
1009 3473 1104 3547 qualis
1118 3484 1217 3533 nostra

225 3548 262 3605 40
274 3552 317 3607 vis
330 3552 478 3625 virtusque
494 3549 589 3620 luerit,
603 3552 692 3608 talem
703 3551 808 3608 ‘deinde
826 3549 969 3617 fortunam
990 3552 1070 3608 illius
1084 3553 1166 3609 urbis
1180 3571 1216 3611 ao

273 3628 412 3687 Romanis
425 3630 539 3706 imperii
554 3628 647 3687 lore.''
690 3629 784 3689 XLII.
805 3630 880 3689 Haec
895 3630 972 3706 apud
987 3630 1135 3688 Romanos
1148 3650 1215 3689 con-

272 3708 329 3765 sul.
411 3734 413 3738 ⁴

313 3784 470 3855 Hannibal,
486 3786 572 3844 rebus
590 3787 670 3861 prius
684 3806 773 3863 quam
787 3788 884 3845 verbis
898 3787 1089 3846 adhortandos
1109 3789 1219 3847 milites

274 3866 365 3939 ratus,
375 3863 554 3923 circumdato
568 3865 604 3922 ad
623 3866 823 3942 spectaculum
836 3868 978 3937 exercitu,
993 3868 1123 3943 captivos
1135 3885 1215 3925 mon-
