2717 4292
519 308 606 349 amaa
626 309 670 367 iv,
710 310 776 349 car.
792 310 834 350 iv.
1133 297 1172 357 79

172 438 208 497 de
226 437 313 514 plebe
335 437 437 496 consul
462 436 527 497 fuit.
570 437 650 503 Quid
670 440 792 518 postea?
833 439 965 499 Nullane
988 459 1035 500 res
1049 460 1126 501 nova

171 517 285 576 institui
307 516 402 588 debet,
416 526 454 587 et,
469 518 546 596 quod
569 518 698 577 nondum
720 529 763 577 est
784 517 1027 578 factum—multa
1046 523 1126 579 enim

171 596 302 655 nondum
323 606 391 654 sunt
413 594 491 655 facta
512 596 543 654 in
563 616 636 655 novo
649 598 840 675 populo-ea,
854 618 892 657 ne
911 600 937 657 si
958 599 1042 658 utilia
1062 602 1125 677 qui·

171 676 240 733 dem
269 685 347 747 sunt,
375 676 440 734 fieri
466 676 599 753 oportet?
641 676 805 747 Pontifices,
833 697 971 755 augures,
1000 678 1126 737 Romulo

173 764 326 833 regnante,
347 755 423 812 nulli
445 764 544 813 erant:
580 756 616 813 ab
640 755 744 814 Numa
767 756 907 834 Pompilio
931 758 1022 816 creati
1045 763 1155 817 sunt.5

171 833 289 893 Census
303 835 334 891 in
355 835 482 905 civitate,
497 844 526 892 et
544 834 698 914 descriptio
711 838 913 894 centuriarum
929 837 1125 914 classiumque

172 931 232 972 non
253 922 334 999 erat:
357 914 394 971 ab
414 914 479 971 Ser,
496 913 597 972 Tullio
617 925 660 973 est
682 913 770 973 facta.
812 915 955 974 Consules
974 934 1126 994 nunquam

174 990 312 1050 fuerunt:
335 992 453 1070 regibus
471 994 592 1063 exactis,
607 996 699 1051 creati
712 1004 790 1053 sunt.
831 993 990 1053 Dictatoris
1004 1014 1059 1053 nec
1073 996 1125 1051 im-

174 1072 291 1149 perium
304 1090 360 1129 nec
380 1091 485 1130 noman
499 1071 613 1131 suerat:
635 1073 713 1151 apud
727 1084 824 1151 patres
838 1094 902 1131 esse
917 1074 1016 1151 coepit.
1058 1073 1125 1132 Tri-

174 1150 247 1208 buni
268 1151 355 1228 plebi,
371 1151 479 1222 aediles,
494 1161 661 1228 quaestores,
676 1153 753 1211 nulli
772 1163 872 1211 erant:
893 1154 1058 1211 institutum
1072 1162 1124 1223 est,
1138 1154 1175 1210 10

174 1238 208 1289 ut
228 1230 343 1287 fierent.
385 1228 575 1313 Decemviros
599 1231 715 1309 legibus
738 1232 899 1290 scribendis
922 1234 999 1290 intra
1022 1231 1125 1290 decem

174 1309 228 1367 hos
243 1328 334 1367 annos
347 1319 376 1367 et
390 1311 565 1382 creavimus,
580 1320 610 1369 et
623 1330 640 1368 e
655 1311 806 1387 republica
826 1312 1008 1369 sustulimus.
1050 1310 1126 1377 Quis

173 1387 297 1459 dubitat,
318 1390 398 1465 quin,
419 1390 451 1446 in
475 1399 617 1447 aeternum
646 1390 718 1447 urbe
745 1390 870 1460 condita,
894 1390 926 1447 in
950 1391 1126 1447 immensum

174 1477 336 1539 crescente,
350 1487 426 1526 nova
447 1469 578 1545 imperia,
599 1468 771 1539 sacerdotia,
789 1469 860 1545 jura
882 1470 1014 1546 gentium
1035 1468 1124 1526 homi-

173 1565 305 1624 numque
326 1547 536 1606 instituantur?
577 1547 644 1605 Hoc
664 1549 769 1625 ipsum,
784 1566 821 1604 ne
842 1548 1020 1605 connubium
1039 1548 1175 1623 patri-15

173 1626 230 1685 bus
251 1646 320 1684 cum
341 1628 424 1703 plebe
446 1636 620 1685 esset-non
641 1626 801 1685 decemviri
820 1627 952 1685 tulerunt
965 1629 1067 1703 paucis
1080 1628 1126 1685 his

174 1706 260 1764 annis
273 1708 398 1783 pessimo
418 1706 552 1782 exemplo
573 1706 700 1783 publico,
715 1725 784 1764 cum
805 1725 921 1765 summa
941 1704 1051 1783 injuria
1065 1706 1124 1783 ple·

173 1784 241 1843 bisl
285 1787 335 1844 An
363 1805 427 1844 csse
455 1785 517 1843 ulla
544 1786 636 1861 maj0r
669 1795 720 1843 aut
754 1786 916 1864 insignitior
949 1786 1125 1844 contumelia

172 1874 275 1942 potest,
296 1884 385 1942 quam
408 1874 520 1942 partem
539 1866 673 1934 civitatis,
693 1866 774 1923 velut
795 1864 1030 1936 contaminatam,
1051 1865 1123 1923 indi-

171 1963 264 2020 gnam
284 1946 429 2002 connubio
449 1944 573 2011 haberi?
615 1943 696 2011 Quid
716 1954 760 2002 est
781 1944 869 2015 aliud,
884 1963 973 2020 quam
988 1945 1124 2003 exsilium
1135 1947 1173 2002 20

172 2024 251 2081 intra
262 2023 363 2103 eadem
378 2024 495 2094 moenia,
510 2042 599 2099 quam
614 2022 830 2100 relegationem,
845 2022 927 2101 petil
969 2022 1017 2081 Ne
1033 2023 1123 2080 affini-

171 2104 349 2172 talibusne
376 2102 638 2181 propinquitatibus
665 2103 893 2171 immisceamur,
925 2111 1058 2172 caveant,
1086 2121 1124 2159 ne

171 2183 302 2239 societur
316 2181 469 2260 sauguisl'
495 2182 670 2249 Quid—hoc
685 2183 710 2240 si
731 2182 834 2257 polluit
847 2181 1024 2239 nobilitatem
1038 2183 1123 2240 istam
1195 2233 1204 2253 ,

171 2271 312 2331 vestram,
327 2281 417 2340 quam
430 2260 562 2339 plerique
575 2261 690 2319 oriundi
704 2280 741 2319 ex
751 2261 878 2318 Albanis
887 2271 916 2319 et
930 2261 1054 2332 Sabinis,
1065 2280 1121 2319 non

171 2359 282 2417 genere
303 2359 358 2398 nec
379 2342 531 2417 sanguine,
547 2340 598 2398 sed
618 2359 670 2418 per
690 2341 897 2418 cooptationem
911 2341 942 2397 in
963 2350 1059 2418 patres
1072 2340 1121 2397 ha·
1133 2345 1173 2397 2⁵

172 2418 256 2489 betis,
272 2430 324 2478 aut
344 2421 381 2478 ab
404 2422 523 2498 regibus
545 2421 622 2491 lecti,
637 2429 688 2477 aut
709 2429 773 2496 post
794 2438 879 2496 reges
901 2429 1018 2478 exactos
1037 2420 1122 2496 jussu

171 2498 458 2575 populi-sinceram
479 2518 598 2557 servare
618 2500 739 2575 privatis
759 2499 887 2556 consiliis
906 2516 964 2556 nou
978 2499 1121 2573 poteratis,

171 2595 229 2636 nec
257 2578 390 2642 ducendo
417 2598 453 2637 ex
481 2578 574 2656 plebe,
591 2596 687 2653 neque
715 2587 827 2634 vestras
853 2576 931 2633 filias
954 2594 1122 2652 sororesque

172 2657 301 2715 enubere
315 2658 435 2715 sinendo
445 2677 462 2716 e
473 2656 625 2735 patribus?
667 2655 763 2713 Nemo
778 2654 908 2729 plebeius
922 2654 1051 2730 patriciae
1064 2655 1121 2711 vir·

171 2737 235 2813 gini
249 2738 311 2794 vim
332 2735 464 2796 afferret:
486 2737 674 2814 patriciorum
691 2736 747 2792 ista
767 2733 855 2791 libido
868 2742 928 2790 est:
950 2751 1035 2790 nemo
1048 2732 1120 2791 invi·
1132 2735 1170 2791 30

171 2824 236 2872 tum
260 2816 422 2893 pactionem
450 2815 610 2893 nuptialem
637 2831 814 2892 quemquam
843 2812 939 2871 tacere
967 2812 1119 2890 coegisset.

171 2892 287 2952 Verum
309 2894 459 2955 enimvero
482 2895 548 2973 lege
572 2894 601 2952 id
626 2894 780 2971 prohiberi,
805 2901 834 2951 et
858 2892 1036 2951 connubium
1060 2892 1121 2951 tolli

170 2983 289 3049 patrum
314 2993 350 3033 ac
374 2974 475 3053 plebis,
496 2974 526 3032 id
549 2974 667 3032 demum
695 2972 934 3032 contumeliosum
962 2972 1038 3050 plebi
1065 2982 1118 3031 est.

170 3051 235 3110 Cur
255 3054 335 3110 enim
356 3072 414 3112 non
436 3052 582 3124 confertis,
604 3072 641 3110 ne
662 3054 700 3111 sit
720 3052 898 3111 connubium
920 3050 1057 3110 divitibus
1084 3071 1120 3110 ac

170 3133 371 3208 pauperibus?
413 3132 500 3198 Quod
515 3134 694 3209 privatorum
714 3131 900 3190 consiliorum
923 3132 1032 3207 ubique
1045 3150 1118 3188 sem·
1130 3133 1168 3187 35

169 3210 301 3287 perluit,
318 3221 358 3284 ut,
373 3212 404 3270 in
417 3231 511 3289 quam¹
526 3212 633 3288 cuique
656 3210 771 3269 feminae
792 3211 973 3269 convenisset
991 3209 1117 3280 domum,

169 3290 314 3363 nuberct;
330 3310 375 3361 ‚ex
388 3310 448 3368 qua
468 3301 571 3368 pactus
591 3300 667 3348 essct
681 3292 726 3348 vir
746 3290 837 3359 domo,
852 3289 883 3345 in
903 3289 1119 3345 matrimonium

169 3368 311 3442 duceret3
334 3370 362 3427 id
377 3372 430 3428 vos'
448 3372 503 3428 sub
517 3370 590 3447 legis
608 3369 822 3446 superbissimae
836 3367 954 3424 vincula
967 3367 1117 3441 conjicitis,

169 3466 229 3522 qua
242 3447 385 3507 dirimatis
399 3451 566 3507 societatem
580 3449 707 3517 civilem,
723 3448 854 3524 duasque
869 3464 906 3502 ex
920 3463 980 3502 una
1000 3444 1117 3502 civitate

170 3524 294 3584 faciatis.
338 3528 470 3586 Cur'non
481 3528 608 3597 sancitis,
623 3546 660 3585 ne
675 3527 790 3585 vicinus
803 3524 924 3603 patricio
937 3524 974 3581 sit
988 3522 1117 3599 plebeius
1128 3524 1166 3579 40

169 3623 224 3663 nec
239 3606 340 3664 codem
354 3608 458 3665 itinere
471 3617 528 3677 eat,
539 3626 577 3665 ne
590 3606 667 3664 idem
682 3605 848 3663 convivium
862 3603 948 3673 ineat,
960 3621 996 3660 ne
1010 3602 1041 3659 in
1057 3601 1117 3661 foro

168 3683 269 3741 eodem
284 3686 444 3744 consistat?
486 3685 567 3752 Quid
581 3686 658 3743 euim
678 3686 709 3741 in
724 3702 755 3741 re
770 3692 813 3746 est
827 3681 916 3751 aliud,
930 3683 955 3739 si
976 3681 1117 3758 plebeiam

169 3764 309 3838 patricius
328 3765 453 3836 duxerit,
468 3766 493 3823 si
509 3765 661 3841 patriciam
677 3761 831 3840 plebeius?
873 3758 954 3826 Quid
964 3760 1041 3837 juris
1054 3769 1115 3817 tan-

170 3842 236 3899 dem
248 3844 442 3902 immutatur?
479 3844 595 3920 Nempe
609 3853 721 3920 patrem
735 3849 898 3916 sequuntur
911 3839 1004 3897 liberi.
1039 3837 1115 3907 Neo,
