<?xml version="1.0" encoding="UTF-8"?>
<!DOCTYPE html PUBLIC "-//W3C//DTD XHTML 1.0 Transitional//EN"
    "http://www.w3.org/TR/xhtml1/DTD/xhtml1-transitional.dtd">
<html xmlns="http://www.w3.org/1999/xhtml" xml:lang="en" lang="en">
 <head>
  <title>
</title>
<meta http-equiv="Content-Type" content="text/html;charset=utf-8" />
  <meta name='ocr-system' content='tesseract 3.04.00' />
  <meta name='ocr-capabilities' content='ocr_page ocr_carea ocr_par ocr_line ocrx_word'/>
</head>
<body>
  <div class='ocr_page' id='page_1' title='image "./selectionsfromf01alscgoog_0175.png"; bbox 0 0 2717 4292; ppageno 0'>
   <div class='ocr_carea' id='block_1_1' title="bbox 495 244 1178 307">
    <p class='ocr_par' dir='ltr' id='par_1_1' title="bbox 495 244 1178 307">
     <span class='ocr_line' id='line_1_1' title="bbox 495 244 1178 307; baseline 0.003 -16"><span class='ocrx_word' id='word_1_1' title='bbox 495 244 678 294; x_wconf 72' lang='lat' dir='ltr'><strong>amsa‘xxu.</strong></span> <span class='ocrx_word' id='word_1_2' title='bbox 719 252 785 293; x_wconf 76' lang='lat' dir='ltr'><strong>car.</strong></span> <span class='ocrx_word' id='word_1_3' title='bbox 802 253 867 293; x_wconf 81' lang='lat' dir='ltr'><strong>xvi.</strong></span> <span class='ocrx_word' id='word_1_4' title='bbox 1120 244 1178 307; x_wconf 76' lang='lat'><strong>157</strong></span> 
     </span>
    </p>
   </div>
   <div class='ocr_carea' id='block_1_2' title="bbox 173 380 1243 3865">
    <p class='ocr_par' dir='ltr' id='par_1_2' title="bbox 174 380 1173 2279">
     <span class='ocr_line' id='line_1_2' title="bbox 181 380 1129 463; baseline 0.005 -24"><span class='ocrx_word' id='word_1_5' title='bbox 181 380 296 439; x_wconf 83' lang='lat' dir='ltr'><strong>easdem</strong></span> <span class='ocrx_word' id='word_1_6' title='bbox 327 382 486 459; x_wconf 81' lang='lat' dir='ltr'><strong>angustias,</strong></span> <span class='ocrx_word' id='word_1_7' title='bbox 512 383 619 458; x_wconf 91' lang='lat' dir='ltr'><strong>quibus</strong></span> <span class='ocrx_word' id='word_1_8' title='bbox 646 384 804 444; x_wconf 85' lang='lat' dir='ltr'><strong>intraverat</strong></span> <span class='ocrx_word' id='word_1_9' title='bbox 827 383 988 441; x_wconf 79' lang='lat' dir='ltr'><strong>Falernum</strong></span> <span class='ocrx_word' id='word_1_10' title='bbox 1015 404 1129 463; x_wconf 87' lang='lat' dir='ltr'><strong>agrum,</strong></span> 
     </span>
     <span class='ocr_line' id='line_1_3' title="bbox 182 461 1129 541; baseline 0.005 -23"><span class='ocrx_word' id='word_1_11' title='bbox 182 462 355 530; x_wconf 86' lang='lat' dir='ltr'><strong>rediturum,</strong></span> <span class='ocrx_word' id='word_1_12' title='bbox 375 461 552 519; x_wconf 81' lang='lat' dir='ltr'>Calliculam</span> <span class='ocrx_word' id='word_1_13' title='bbox 567 474 693 523; x_wconf 83' lang='lat' dir='ltr'><strong>montem</strong></span> <span class='ocrx_word' id='word_1_14' title='bbox 706 473 735 519; x_wconf 90' lang='lat' dir='ltr'><strong>et</strong></span> <span class='ocrx_word' id='word_1_15' title='bbox 755 463 917 521; x_wconf 86' lang='lat' dir='ltr'><strong>Casilinum</strong></span> <span class='ocrx_word' id='word_1_16' title='bbox 930 477 1057 541; x_wconf 87' lang='lat' dir='ltr'><strong>occupat</strong></span> <span class='ocrx_word' id='word_1_17' title='bbox 1069 485 1129 523; x_wconf 88' lang='lat' dir='ltr'><strong>mo-</strong></span> 
     </span>
     <span class='ocr_line' id='line_1_4' title="bbox 180 538 1127 619; baseline 0.003 -22"><span class='ocrx_word' id='word_1_18' title='bbox 180 538 253 597; x_wconf 89' lang='lat' dir='ltr'><strong>dicis</strong></span> <span class='ocrx_word' id='word_1_19' title='bbox 264 540 414 617; x_wconf 72' lang='lat' dir='ltr'><strong>praesidiis,</strong></span> <span class='ocrx_word' id='word_1_20' title='bbox 424 559 490 616; x_wconf 69' lang='lat' dir='ltr'><strong>qua*</strong></span> <span class='ocrx_word' id='word_1_21' title='bbox 505 542 575 597; x_wconf 89' lang='lat' dir='ltr'><strong>urbs</strong></span> <span class='ocrx_word' id='word_1_22' title='bbox 584 540 731 600; x_wconf 90' lang='lat' dir='ltr'><strong>Vulturno</strong></span> <span class='ocrx_word' id='word_1_23' title='bbox 741 542 859 599; x_wconf 90' lang='lat' dir='ltr'><strong>flumine</strong></span> <span class='ocrx_word' id='word_1_24' title='bbox 868 542 1018 619; x_wconf 90' lang='lat' dir='ltr'><strong>dirempta,</strong></span> <span class='ocrx_word' id='word_1_25' title='bbox 1027 543 1127 601; x_wconf 86' lang='lat' dir='ltr'><strong>Faler-</strong></span> 
     </span>
     <span class='ocr_line' id='line_1_5' title="bbox 180 619 1129 697; baseline 0.004 -21"><span class='ocrx_word' id='word_1_26' title='bbox 180 638 251 676; x_wconf 87' lang='lat' dir='ltr'><strong>num</strong></span> <span class='ocrx_word' id='word_1_27' title='bbox 266 639 284 676; x_wconf 90' lang='lat' dir='ltr'><strong>a</strong></span> <span class='ocrx_word' id='word_1_28' title='bbox 297 619 447 696; x_wconf 92' lang='lat' dir='ltr'><strong>Campano</strong></span> <span class='ocrx_word' id='word_1_29' title='bbox 462 638 531 696; x_wconf 91' lang='lat' dir='ltr'><strong>agro</strong></span> <span class='ocrx_word' id='word_1_30' title='bbox 547 620 664 677; x_wconf 86' lang='lat' dir='ltr'><strong>dividit:</strong></span> <span class='ocrx_word' id='word_1_31' title='bbox 686 623 748 697; x_wconf 90' lang='lat' dir='ltr'><strong>ipse</strong></span> <span class='ocrx_word' id='word_1_32' title='bbox 758 622 839 697; x_wconf 90' lang='lat' dir='ltr'><strong>jugis</strong></span> <span class='ocrx_word' id='word_1_33' title='bbox 852 622 954 678; x_wconf 88' lang='lat' dir='ltr'><strong>iisdem</strong></span> <span class='ocrx_word' id='word_1_34' title='bbox 967 624 1129 680; x_wconf 83' lang='lat' dir='ltr'><strong>exercitum</strong></span> 
     </span>
     <span class='ocr_line' id='line_1_6' title="bbox 179 697 1157 778; baseline 0.006 -24"><span class='ocrx_word' id='word_1_35' title='bbox 179 697 302 769; x_wconf 79' lang='lat' dir='ltr'><strong>reducit,</strong></span> <span class='ocrx_word' id='word_1_36' title='bbox 333 700 420 757; x_wconf 89' lang='lat' dir='ltr'><strong>misso</strong></span> <span class='ocrx_word' id='word_1_37' title='bbox 444 700 624 774; x_wconf 89' lang='lat' dir='ltr'><strong>exploratum</strong></span> <span class='ocrx_word' id='word_1_38' title='bbox 649 719 718 757; x_wconf 91' lang='lat' dir='ltr'><strong>cum</strong></span> <span class='ocrx_word' id='word_1_39' title='bbox 741 700 960 778; x_wconf 80' lang='lat' dir='ltr'><strong>quadringentis</strong></span> <span class='ocrx_word' id='word_1_40' title='bbox 983 703 1157 778; x_wconf 83' lang='lat' dir='ltr'><strong>equitibus5</strong></span> 
     </span>
     <span class='ocr_line' id='line_1_7' title="bbox 178 777 1128 857; baseline 0.003 -22"><span class='ocrx_word' id='word_1_41' title='bbox 178 778 326 835; x_wconf 86' lang='lat' dir='ltr'><strong>sociorum</strong></span> <span class='ocrx_word' id='word_1_42' title='bbox 350 777 387 836; x_wconf 91' lang='lat' dir='ltr'><strong>L.</strong></span> <span class='ocrx_word' id='word_1_43' title='bbox 410 778 534 835; x_wconf 91' lang='lat' dir='ltr'><strong>Hostilio</strong></span> <span class='ocrx_word' id='word_1_44' title='bbox 555 778 702 837; x_wconf 81' lang='lat' dir='ltr'><strong>Mancino.</strong></span> <span class='ocrx_word' id='word_1_45' title='bbox 744 779 805 844; x_wconf 84' lang='lat' dir='ltr'><strong>Qui</strong></span> <span class='ocrx_word' id='word_1_46' title='bbox 826 798 862 836; x_wconf 83' lang='lat' dir='ltr'><strong>ex</strong></span> <span class='ocrx_word' id='word_1_47' title='bbox 882 781 968 837; x_wconf 91' lang='lat' dir='ltr'><strong>turba</strong></span> <span class='ocrx_word' id='word_1_48' title='bbox 984 781 1128 857; x_wconf 87' lang='lat' dir='ltr'><strong>juvenum</strong></span> 
     </span>
     <span class='ocr_line' id='line_1_8' title="bbox 179 856 1127 937; baseline 0.006 -25"><span class='ocrx_word' id='word_1_49' title='bbox 179 856 362 914; x_wconf 84' lang='lat' dir='ltr'><strong>audientium</strong></span> <span class='ocrx_word' id='word_1_50' title='bbox 377 876 453 933; x_wconf 90' lang='lat' dir='ltr'><strong>saepe</strong></span> <span class='ocrx_word' id='word_1_51' title='bbox 474 857 609 915; x_wconf 87' lang='lat' dir='ltr'><strong>ferociter</strong></span> <span class='ocrx_word' id='word_1_52' title='bbox 629 859 848 915; x_wconf 80' lang='lat' dir='ltr'><strong>concionantem</strong></span> <span class='ocrx_word' id='word_1_53' title='bbox 862 860 1033 935; x_wconf 88' lang='lat' dir='ltr'><strong>magistrum</strong></span> <span class='ocrx_word' id='word_1_54' title='bbox 1047 862 1127 937; x_wconf 90' lang='lat' dir='ltr'><strong>equi·</strong></span> 
     </span>
     <span class='ocr_line' id='line_1_9' title="bbox 178 936 1126 1015; baseline 0.002 -22"><span class='ocrx_word' id='word_1_55' title='bbox 178 945 250 1005; x_wconf 86' lang='lat' dir='ltr'><strong>tum,</strong></span> <span class='ocrx_word' id='word_1_56' title='bbox 266 954 437 1013; x_wconf 87' lang='lat' dir='ltr'><strong>progressus</strong></span> <span class='ocrx_word' id='word_1_57' title='bbox 457 937 550 1013; x_wconf 88' lang='lat' dir='ltr'><strong>primo</strong></span> <span class='ocrx_word' id='word_1_58' title='bbox 564 936 753 1014; x_wconf 81' lang='lat' dir='ltr'><strong>exploratoris</strong></span> <span class='ocrx_word' id='word_1_59' title='bbox 773 938 864 1007; x_wconf 92' lang='lat' dir='ltr'><strong>modo,</strong></span> <span class='ocrx_word' id='word_1_60' title='bbox 880 947 912 995; x_wconf 90' lang='lat' dir='ltr'><strong>ut</strong></span> <span class='ocrx_word' id='word_1_61' title='bbox 929 958 967 997; x_wconf 88' lang='lat' dir='ltr'><strong>ex</strong></span> <span class='ocrx_word' id='word_1_62' title='bbox 989 949 1051 996; x_wconf 91' lang='lat' dir='ltr'><strong>tuto</strong></span> <span class='ocrx_word' id='word_1_63' title='bbox 1064 959 1126 1015; x_wconf 81' lang='lat' dir='ltr'><strong>spe</strong></span> 
     </span>
     <span class='ocr_line' id='line_1_10' title="bbox 179 1015 1127 1094; baseline 0.003 -22"><span class='ocrx_word' id='word_1_64' title='bbox 179 1015 332 1072; x_wconf 87' lang='lat' dir='ltr'><strong>cularetur</strong></span> <span class='ocrx_word' id='word_1_65' title='bbox 352 1016 471 1085; x_wconf 79' lang='lat' dir='ltr'><strong>hostem,</strong></span> <span class='ocrx_word' id='word_1_66' title='bbox 494 1016 544 1072; x_wconf 91' lang='lat' dir='ltr'><strong>ubi</strong></span> <span class='ocrx_word' id='word_1_67' title='bbox 565 1035 654 1093; x_wconf 88' lang='lat' dir='ltr'><strong>vagos</strong></span> <span class='ocrx_word' id='word_1_68' title='bbox 674 1018 781 1093; x_wconf 91' lang='lat' dir='ltr'><strong>passim</strong></span> <span class='ocrx_word' id='word_1_69' title='bbox 802 1036 855 1094; x_wconf 91' lang='lat' dir='ltr'><strong>per</strong></span> <span class='ocrx_word' id='word_1_70' title='bbox 876 1018 957 1075; x_wconf 86' lang='lat' dir='ltr'><strong>vicos</strong></span> <span class='ocrx_word' id='word_1_71' title='bbox 979 1017 1127 1075; x_wconf 81' lang='lat' dir='ltr'><strong>Numidas</strong></span> 
     </span>
     <span class='ocr_line' id='line_1_11' title="bbox 177 1093 1171 1173; baseline 0.003 -22"><span class='ocrx_word' id='word_1_72' title='bbox 177 1093 260 1163; x_wconf 90' lang='lat' dir='ltr'><strong>vidit,</strong></span> <span class='ocrx_word' id='word_1_73' title='bbox 275 1112 328 1170; x_wconf 91' lang='lat' dir='ltr'><strong>per</strong></span> <span class='ocrx_word' id='word_1_74' title='bbox 340 1096 524 1152; x_wconf 84' lang='lat' dir='ltr'><strong>occasionem</strong></span> <span class='ocrx_word' id='word_1_75' title='bbox 537 1096 625 1152; x_wconf 88' lang='lat' dir='ltr'><strong>etiam</strong></span> <span class='ocrx_word' id='word_1_76' title='bbox 639 1114 749 1173; x_wconf 88' lang='lat' dir='ltr'><strong>paucos</strong></span> <span class='ocrx_word' id='word_1_77' title='bbox 757 1096 871 1166; x_wconf 87' lang='lat' dir='ltr'><strong>occidit,</strong></span> <span class='ocrx_word' id='word_1_78' title='bbox 883 1097 1026 1173; x_wconf 83' lang='lat' dir='ltr'><strong>extemplo</strong></span> <span class='ocrx_word' id='word_1_79' title='bbox 1039 1116 1125 1155; x_wconf 87' lang='lat' dir='ltr'><strong>oecu-</strong></span> <span class='ocrx_word' id='word_1_80' title='bbox 1138 1102 1171 1157; x_wconf 88' lang='lat'><strong>10</strong></span> 
     </span>
     <span class='ocr_line' id='line_1_12' title="bbox 177 1174 1125 1253; baseline 0.004 -24"><span class='ocrx_word' id='word_1_81' title='bbox 177 1182 264 1250; x_wconf 87' lang='lat' dir='ltr'><strong>patus</strong></span> <span class='ocrx_word' id='word_1_82' title='bbox 278 1174 437 1231; x_wconf 87' lang='lat' dir='ltr'><strong>certamine</strong></span> <span class='ocrx_word' id='word_1_83' title='bbox 451 1183 495 1231; x_wconf 88' lang='lat' dir='ltr'><strong>est</strong></span> <span class='ocrx_word' id='word_1_84' title='bbox 509 1174 633 1243; x_wconf 87' lang='lat' dir='ltr'><strong>animus,</strong></span> <span class='ocrx_word' id='word_1_85' title='bbox 642 1174 870 1250; x_wconf 81' lang='lat' dir='ltr'><strong>excideruntque</strong></span> <span class='ocrx_word' id='word_1_86' title='bbox 885 1186 1028 1253; x_wconf 80' lang='lat' dir='ltr'><strong>praecepta</strong></span> <span class='ocrx_word' id='word_1_87' title='bbox 1036 1176 1125 1234; x_wconf 85' lang='lat' dir='ltr'><strong>diota·</strong></span> 
     </span>
     <span class='ocr_line' id='line_1_13' title="bbox 177 1253 1125 1331; baseline 0.005 -23"><span class='ocrx_word' id='word_1_88' title='bbox 177 1253 256 1322; x_wconf 89' lang='lat' dir='ltr'><strong>toris,</strong></span> <span class='ocrx_word' id='word_1_89' title='bbox 272 1253 332 1328; x_wconf 92' lang='lat' dir='ltr'><strong>qui,</strong></span> <span class='ocrx_word' id='word_1_90' title='bbox 348 1262 489 1327; x_wconf 90' lang='lat' dir='ltr'><strong>quantum</strong></span> <span class='ocrx_word' id='word_1_91' title='bbox 503 1262 564 1310; x_wconf 91' lang='lat' dir='ltr'><strong>tuto</strong></span> <span class='ocrx_word' id='word_1_92' title='bbox 578 1264 681 1329; x_wconf 90' lang='lat' dir='ltr'><strong>posset,</strong></span> <span class='ocrx_word' id='word_1_93' title='bbox 696 1273 880 1330; x_wconf 90' lang='lat' dir='ltr'><strong>progressum</strong></span> <span class='ocrx_word' id='word_1_94' title='bbox 899 1256 980 1331; x_wconf 88' lang='lat' dir='ltr'><strong>prius</strong></span> <span class='ocrx_word' id='word_1_95' title='bbox 995 1257 1125 1331; x_wconf 87' lang='lat' dir='ltr'><strong>recipere</strong></span> 
     </span>
     <span class='ocr_line' id='line_1_14' title="bbox 177 1331 1124 1409; baseline 0.004 -22"><span class='ocrx_word' id='word_1_96' title='bbox 177 1350 242 1389; x_wconf 86' lang='lat' dir='ltr'><strong>sese</strong></span> <span class='ocrx_word' id='word_1_97' title='bbox 258 1331 396 1407; x_wconf 90' lang='lat' dir='ltr'><strong>jusserat,</strong></span> <span class='ocrx_word' id='word_1_98' title='bbox 411 1351 498 1409; x_wconf 91' lang='lat' dir='ltr'><strong>quam</strong></span> <span class='ocrx_word' id='word_1_99' title='bbox 513 1334 543 1388; x_wconf 90' lang='lat' dir='ltr'><strong>in</strong></span> <span class='ocrx_word' id='word_1_100' title='bbox 558 1342 744 1408; x_wconf 90' lang='lat' dir='ltr'><strong>conspectum</strong></span> <span class='ocrx_word' id='word_1_101' title='bbox 759 1334 883 1389; x_wconf 90' lang='lat' dir='ltr'><strong>hostium</strong></span> <span class='ocrx_word' id='word_1_102' title='bbox 897 1334 1018 1390; x_wconf 88' lang='lat' dir='ltr'><strong>veniret.</strong></span> <span class='ocrx_word' id='word_1_103' title='bbox 1060 1334 1090 1391; x_wconf 95' lang='lat' dir='ltr'>N</span> <span class='ocrx_word' id='word_1_104' title='bbox 1093 1354 1124 1391; x_wconf 89' lang='lat' dir='ltr'><strong>u·</strong></span> 
     </span>
     <span class='ocr_line' id='line_1_15' title="bbox 177 1409 1125 1487; baseline 0.002 -20"><span class='ocrx_word' id='word_1_105' title='bbox 177 1409 272 1480; x_wconf 86' lang='lat' dir='ltr'><strong>midae,</strong></span> <span class='ocrx_word' id='word_1_106' title='bbox 290 1410 340 1467; x_wconf 92' lang='lat' dir='ltr'><strong>alii</strong></span> <span class='ocrx_word' id='word_1_107' title='bbox 355 1422 440 1487; x_wconf 89' lang='lat' dir='ltr'><strong>atque</strong></span> <span class='ocrx_word' id='word_1_108' title='bbox 453 1412 503 1469; x_wconf 89' lang='lat' dir='ltr'><strong>alii</strong></span> <span class='ocrx_word' id='word_1_109' title='bbox 517 1421 706 1468; x_wconf 84' lang='lat' dir='ltr'><strong>occursantes</strong></span> <span class='ocrx_word' id='word_1_110' title='bbox 720 1410 963 1487; x_wconf 87' lang='lat' dir='ltr'><strong>refugientesque,</strong></span> <span class='ocrx_word' id='word_1_111' title='bbox 978 1411 1015 1468; x_wconf 89' lang='lat' dir='ltr'><strong>ad</strong></span> <span class='ocrx_word' id='word_1_112' title='bbox 1028 1423 1125 1469; x_wconf 88' lang='lat' dir='ltr'><strong>castra</strong></span> 
     </span>
     <span class='ocr_line' id='line_1_16' title="bbox 176 1489 1173 1567; baseline 0.004 -22"><span class='ocrx_word' id='word_1_113' title='bbox 176 1508 265 1566; x_wconf 88' lang='lat' dir='ltr'><strong>prope</strong></span> <span class='ocrx_word' id='word_1_114' title='bbox 293 1490 389 1565; x_wconf 88' lang='lat' dir='ltr'><strong>ipsum</strong></span> <span class='ocrx_word' id='word_1_115' title='bbox 413 1510 482 1547; x_wconf 90' lang='lat' dir='ltr'><strong>oum</strong></span> <span class='ocrx_word' id='word_1_116' title='bbox 507 1489 674 1567; x_wconf 86' lang='lat' dir='ltr'><strong>fatigatione</strong></span> <span class='ocrx_word' id='word_1_117' title='bbox 699 1509 841 1567; x_wconf 90' lang='lat' dir='ltr'><strong>equorum</strong></span> <span class='ocrx_word' id='word_1_118' title='bbox 866 1501 951 1564; x_wconf 90' lang='lat' dir='ltr'><strong>atque</strong></span> <span class='ocrx_word' id='word_1_119' title='bbox 976 1490 1124 1547; x_wconf 91' lang='lat' dir='ltr'><strong>hominum</strong></span> <span class='ocrx_word' id='word_1_120' title='bbox 1137 1497 1173 1549; x_wconf 83' lang='lat'><strong>15</strong></span> 
     </span>
     <span class='ocr_line' id='line_1_17' title="bbox 176 1568 1125 1645; baseline 0.002 -20"><span class='ocrx_word' id='word_1_121' title='bbox 176 1569 363 1645; x_wconf 83' lang='lat' dir='ltr'><strong>pertrahere:</strong></span> <span class='ocrx_word' id='word_1_122' title='bbox 384 1570 451 1627; x_wconf 87' lang='lat' dir='ltr'><strong>inde</strong></span> <span class='ocrx_word' id='word_1_123' title='bbox 472 1568 618 1639; x_wconf 84' lang='lat' dir='ltr'><strong>Carthalo,</strong></span> <span class='ocrx_word' id='word_1_124' title='bbox 641 1588 730 1645; x_wconf 88' lang='lat' dir='ltr'><strong>penes</strong></span> <span class='ocrx_word' id='word_1_125' title='bbox 743 1588 831 1644; x_wconf 91' lang='lat' dir='ltr'><strong>quem</strong></span> <span class='ocrx_word' id='word_1_126' title='bbox 847 1586 962 1625; x_wconf 88' lang='lat' dir='ltr'><strong>summa</strong></span> <span class='ocrx_word' id='word_1_127' title='bbox 982 1571 1125 1644; x_wconf 89' lang='lat' dir='ltr'><strong>equestris</strong></span> 
     </span>
     <span class='ocr_line' id='line_1_18' title="bbox 176 1648 1124 1725; baseline 0 -20"><span class='ocrx_word' id='word_1_128' title='bbox 176 1648 292 1724; x_wconf 90' lang='lat' dir='ltr'><strong>imperii</strong></span> <span class='ocrx_word' id='word_1_129' title='bbox 307 1658 378 1718; x_wconf 89' lang='lat' dir='ltr'><strong>erat,</strong></span> <span class='ocrx_word' id='word_1_130' title='bbox 394 1650 543 1707; x_wconf 88' lang='lat' dir='ltr'><strong>concitatis</strong></span> <span class='ocrx_word' id='word_1_131' title='bbox 557 1650 640 1725; x_wconf 92' lang='lat' dir='ltr'><strong>equis</strong></span> <span class='ocrx_word' id='word_1_132' title='bbox 653 1650 795 1717; x_wconf 88' lang='lat' dir='ltr'><strong>invectus,</strong></span> <span class='ocrx_word' id='word_1_133' title='bbox 811 1667 888 1718; x_wconf 91' lang='lat' dir='ltr'><strong>cum,</strong></span> <span class='ocrx_word' id='word_1_134' title='bbox 904 1649 1074 1724; x_wconf 88' lang='lat' dir='ltr'><strong>priusquam</strong></span> <span class='ocrx_word' id='word_1_135' title='bbox 1088 1648 1124 1705; x_wconf 88' lang='lat' dir='ltr'><strong>ad</strong></span> 
     </span>
     <span class='ocr_line' id='line_1_19' title="bbox 177 1726 1123 1803; baseline 0.002 -20"><span class='ocrx_word' id='word_1_136' title='bbox 177 1728 345 1803; x_wconf 89' lang='lat' dir='ltr'><strong>conjectum</strong></span> <span class='ocrx_word' id='word_1_137' title='bbox 367 1729 417 1785; x_wconf 90' lang='lat' dir='ltr'><strong>teli</strong></span> <span class='ocrx_word' id='word_1_138' title='bbox 438 1730 558 1798; x_wconf 88' lang='lat' dir='ltr'><strong>veniret,</strong></span> <span class='ocrx_word' id='word_1_139' title='bbox 584 1728 735 1785; x_wconf 89' lang='lat' dir='ltr'><strong>avertisset</strong></span> <span class='ocrx_word' id='word_1_140' title='bbox 755 1728 859 1796; x_wconf 88' lang='lat' dir='ltr'><strong>hostes,</strong></span> <span class='ocrx_word' id='word_1_141' title='bbox 884 1728 1013 1803; x_wconf 90' lang='lat' dir='ltr'><strong>quinque</strong></span> <span class='ocrx_word' id='word_1_142' title='bbox 1035 1726 1123 1785; x_wconf 88' lang='lat' dir='ltr'><strong>ferme</strong></span> 
     </span>
     <span class='ocr_line' id='line_1_20' title="bbox 175 1805 1121 1883; baseline 0.002 -21"><span class='ocrx_word' id='word_1_143' title='bbox 175 1807 269 1864; x_wconf 88' lang='lat' dir='ltr'><strong>millia</strong></span> <span class='ocrx_word' id='word_1_144' title='bbox 283 1808 441 1865; x_wconf 91' lang='lat' dir='ltr'><strong>continenti</strong></span> <span class='ocrx_word' id='word_1_145' title='bbox 461 1826 551 1865; x_wconf 90' lang='lat' dir='ltr'><strong>eursu</strong></span> <span class='ocrx_word' id='word_1_146' title='bbox 565 1817 684 1865; x_wconf 87' lang='lat' dir='ltr'><strong>secutus</strong></span> <span class='ocrx_word' id='word_1_147' title='bbox 697 1817 740 1864; x_wconf 90' lang='lat' dir='ltr'><strong>est</strong></span> <span class='ocrx_word' id='word_1_148' title='bbox 761 1806 914 1883; x_wconf 89' lang='lat' dir='ltr'><strong>fugientes.</strong></span> <span class='ocrx_word' id='word_1_149' title='bbox 957 1805 1121 1877; x_wconf 87' lang='lat' dir='ltr'><strong>Mancinus,</strong></span> 
     </span>
     <span class='ocr_line' id='line_1_21' title="bbox 175 1885 1172 1963; baseline 0 -20"><span class='ocrx_word' id='word_1_150' title='bbox 175 1896 329 1963; x_wconf 84' lang='lat' dir='ltr'><strong>postquam</strong></span> <span class='ocrx_word' id='word_1_151' title='bbox 343 1906 398 1945; x_wconf 90' lang='lat' dir='ltr'><strong>neo</strong></span> <span class='ocrx_word' id='word_1_152' title='bbox 413 1888 523 1944; x_wconf 88' lang='lat' dir='ltr'><strong>hostem</strong></span> <span class='ocrx_word' id='word_1_153' title='bbox 537 1886 674 1944; x_wconf 83' lang='lat' dir='ltr'><strong>desistere</strong></span> <span class='ocrx_word' id='word_1_154' title='bbox 688 1887 781 1963; x_wconf 86' lang='lat' dir='ltr'><strong>sequi,</strong></span> <span class='ocrx_word' id='word_1_155' title='bbox 795 1904 851 1943; x_wconf 92' lang='lat' dir='ltr'><strong>nec</strong></span> <span class='ocrx_word' id='word_1_156' title='bbox 866 1904 947 1961; x_wconf 91' lang='lat' dir='ltr'><strong>spem</strong></span> <span class='ocrx_word' id='word_1_157' title='bbox 961 1885 1031 1943; x_wconf 88' lang='lat' dir='ltr'><strong>vidit</strong></span> <span class='ocrx_word' id='word_1_158' title='bbox 1051 1885 1121 1943; x_wconf 87' lang='lat' dir='ltr'><strong>effu·</strong></span> <span class='ocrx_word' id='word_1_159' title='bbox 1131 1889 1172 1944; x_wconf 87' lang='lat'><strong>20</strong></span> 
     </span>
     <span class='ocr_line' id='line_1_22' title="bbox 174 1964 1121 2042; baseline 0.001 -21"><span class='ocrx_word' id='word_1_160' title='bbox 174 1966 274 2042; x_wconf 92' lang='lat' dir='ltr'><strong>giendi</strong></span> <span class='ocrx_word' id='word_1_161' title='bbox 289 1985 362 2036; x_wconf 87' lang='lat' dir='ltr'><strong>esse,</strong></span> <span class='ocrx_word' id='word_1_162' title='bbox 378 1967 542 2023; x_wconf 88' lang='lat' dir='ltr'><strong>cohortatus</strong></span> <span class='ocrx_word' id='word_1_163' title='bbox 556 1986 624 2023; x_wconf 89' lang='lat' dir='ltr'><strong>suos</strong></span> <span class='ocrx_word' id='word_1_164' title='bbox 638 1967 668 2022; x_wconf 93' lang='lat' dir='ltr'><strong>in</strong></span> <span class='ocrx_word' id='word_1_165' title='bbox 683 1965 820 2041; x_wconf 90' lang='lat' dir='ltr'><strong>proelium</strong></span> <span class='ocrx_word' id='word_1_166' title='bbox 834 1964 926 2033; x_wconf 89' lang='lat' dir='ltr'><strong>rediit,</strong></span> <span class='ocrx_word' id='word_1_167' title='bbox 941 1965 1019 2021; x_wconf 92' lang='lat' dir='ltr'><strong>omni</strong></span> <span class='ocrx_word' id='word_1_168' title='bbox 1040 1974 1121 2039; x_wconf 87' lang='lat' dir='ltr'><strong>parte</strong></span> 
     </span>
     <span class='ocr_line' id='line_1_23' title="bbox 175 2044 1122 2121; baseline 0 -20"><span class='ocrx_word' id='word_1_169' title='bbox 175 2045 283 2101; x_wconf 88' lang='lat' dir='ltr'><strong>virium</strong></span> <span class='ocrx_word' id='word_1_170' title='bbox 299 2045 410 2121; x_wconf 87' lang='lat' dir='ltr'><strong>impar:</strong></span> <span class='ocrx_word' id='word_1_171' title='bbox 431 2046 530 2121; x_wconf 89' lang='lat' dir='ltr'><strong>itaque</strong></span> <span class='ocrx_word' id='word_1_172' title='bbox 545 2045 605 2120; x_wconf 88' lang='lat' dir='ltr'><strong>ipse</strong></span> <span class='ocrx_word' id='word_1_173' title='bbox 620 2056 649 2103; x_wconf 85' lang='lat' dir='ltr'><strong>ct</strong></span> <span class='ocrx_word' id='word_1_174' title='bbox 662 2044 767 2102; x_wconf 91' lang='lat' dir='ltr'><strong>delecti</strong></span> <span class='ocrx_word' id='word_1_175' title='bbox 781 2044 911 2119; x_wconf 90' lang='lat' dir='ltr'><strong>equitum</strong></span> <span class='ocrx_word' id='word_1_176' title='bbox 930 2044 1122 2101; x_wconf 87' lang='lat' dir='ltr'><strong>circumventi</strong></span> 
     </span>
     <span class='ocr_line' id='line_1_24' title="bbox 174 2122 1120 2200; baseline -0.001 -20"><span class='ocrx_word' id='word_1_177' title='bbox 174 2124 366 2181; x_wconf 81' lang='lat' dir='ltr'><strong>occiduntur:</strong></span> <span class='ocrx_word' id='word_1_178' title='bbox 402 2128 493 2182; x_wconf 88' lang='lat' dir='ltr'><strong>ceteri</strong></span> <span class='ocrx_word' id='word_1_179' title='bbox 516 2123 608 2181; x_wconf 87' lang='lat' dir='ltr'><strong>effuso</strong></span> <span class='ocrx_word' id='word_1_180' title='bbox 633 2143 735 2181; x_wconf 87' lang='lat' dir='ltr'><strong>rursus</strong></span> <span class='ocrx_word' id='word_1_181' title='bbox 759 2142 848 2181; x_wconf 86' lang='lat' dir='ltr'><strong>cursu</strong></span> <span class='ocrx_word' id='word_1_182' title='bbox 876 2122 962 2180; x_wconf 87' lang='lat' dir='ltr'><strong>Cales</strong></span> <span class='ocrx_word' id='word_1_183' title='bbox 986 2123 1120 2200; x_wconf 92' lang='lat' dir='ltr'><strong>primum,</strong></span> 
     </span>
     <span class='ocr_line' id='line_1_25' title="bbox 174 2201 1032 2279; baseline -0.002 -20"><span class='ocrx_word' id='word_1_184' title='bbox 174 2202 241 2259; x_wconf 87' lang='lat' dir='ltr'><strong>inde</strong></span> <span class='ocrx_word' id='word_1_185' title='bbox 257 2222 345 2279; x_wconf 88' lang='lat' dir='ltr'><strong>prope</strong></span> <span class='ocrx_word' id='word_1_186' title='bbox 359 2203 446 2260; x_wconf 88' lang='lat' dir='ltr'><strong>inviis</strong></span> <span class='ocrx_word' id='word_1_187' title='bbox 460 2204 584 2261; x_wconf 87' lang='lat' dir='ltr'><strong>callibus</strong></span> <span class='ocrx_word' id='word_1_188' title='bbox 599 2203 634 2260; x_wconf 91' lang='lat' dir='ltr'><strong>ad</strong></span> <span class='ocrx_word' id='word_1_189' title='bbox 648 2204 818 2260; x_wconf 88' lang='lat' dir='ltr'><strong>dictatorem</strong></span> <span class='ocrx_word' id='word_1_190' title='bbox 832 2201 1032 2279; x_wconf 83' lang='lat' dir='ltr'><strong>perfugerant.</strong></span> 
     </span>
    </p>

    <p class='ocr_par' dir='ltr' id='par_1_3' title="bbox 173 2281 1243 3865">
     <span class='ocr_line' id='line_1_26' title="bbox 214 2281 1169 2359; baseline 0 -20"><span class='ocrx_word' id='word_1_191' title='bbox 214 2281 260 2339; x_wconf 88' lang='lat' dir='ltr'><strong>Eo</strong></span> <span class='ocrx_word' id='word_1_192' title='bbox 275 2281 347 2340; x_wconf 91' lang='lat' dir='ltr'><strong>forte</strong></span> <span class='ocrx_word' id='word_1_193' title='bbox 367 2282 412 2340; x_wconf 89' lang='lat' dir='ltr'><strong>die</strong></span> <span class='ocrx_word' id='word_1_194' title='bbox 432 2282 581 2339; x_wconf 87' lang='lat' dir='ltr'><strong>Minucius</strong></span> <span class='ocrx_word' id='word_1_195' title='bbox 595 2302 625 2339; x_wconf 88' lang='lat' dir='ltr'><strong>se</strong></span> <span class='ocrx_word' id='word_1_196' title='bbox 640 2282 831 2359; x_wconf 84' lang='lat' dir='ltr'><strong>conjunxerat</strong></span> <span class='ocrx_word' id='word_1_197' title='bbox 845 2281 944 2352; x_wconf 90' lang='lat' dir='ltr'><strong>Fabio,</strong></span> <span class='ocrx_word' id='word_1_198' title='bbox 960 2283 1065 2339; x_wconf 91' lang='lat' dir='ltr'><strong>missus</strong></span> <span class='ocrx_word' id='word_1_199' title='bbox 1084 2282 1120 2338; x_wconf 88' lang='lat' dir='ltr'><strong>ad</strong></span> <span class='ocrx_word' id='word_1_200' title='bbox 1130 2288 1169 2340; x_wconf 84' lang='lat'><strong>25</strong></span> 
     </span>
     <span class='ocr_line' id='line_1_27' title="bbox 175 2360 1120 2439; baseline 0 -22"><span class='ocrx_word' id='word_1_201' title='bbox 175 2360 352 2419; x_wconf 87' lang='lat' dir='ltr'><strong>firmandum</strong></span> <span class='ocrx_word' id='word_1_202' title='bbox 374 2362 506 2439; x_wconf 85' lang='lat' dir='ltr'><strong>praesidio</strong></span> <span class='ocrx_word' id='word_1_203' title='bbox 530 2362 646 2432; x_wconf 88' lang='lat' dir='ltr'><strong>saltum,</strong></span> <span class='ocrx_word' id='word_1_204' title='bbox 675 2363 726 2437; x_wconf 95' lang='lat' dir='ltr'><strong>qui</strong></span> <span class='ocrx_word' id='word_1_205' title='bbox 748 2380 836 2438; x_wconf 89' lang='lat' dir='ltr'><strong>super</strong></span> <span class='ocrx_word' id='word_1_206' title='bbox 864 2361 1066 2430; x_wconf 89' lang='lat' dir='ltr'><strong>Tarracinam,</strong></span> <span class='ocrx_word' id='word_1_207' title='bbox 1090 2362 1120 2417; x_wconf 92' lang='lat' dir='ltr'><strong>in</strong></span> 
     </span>
     <span class='ocr_line' id='line_1_28' title="bbox 174 2439 1121 2511; baseline -0.002 -13"><span class='ocrx_word' id='word_1_208' title='bbox 174 2450 254 2498; x_wconf 90' lang='lat' dir='ltr'><strong>artas</strong></span> <span class='ocrx_word' id='word_1_209' title='bbox 265 2451 384 2499; x_wconf 89' lang='lat' dir='ltr'><strong>coactus</strong></span> <span class='ocrx_word' id='word_1_210' title='bbox 399 2439 508 2511; x_wconf 85' lang='lat' dir='ltr'><strong>fauces,</strong></span> <span class='ocrx_word' id='word_1_211' title='bbox 520 2442 652 2497; x_wconf 91' lang='lat' dir='ltr'><strong>imminet</strong></span> <span class='ocrx_word' id='word_1_212' title='bbox 663 2442 745 2509; x_wconf 87' lang='lat' dir='ltr'><strong>mari,</strong></span> <span class='ocrx_word' id='word_1_213' title='bbox 761 2459 797 2496; x_wconf 92' lang='lat' dir='ltr'><strong>ne</strong></span> <span class='ocrx_word' id='word_1_214' title='bbox 809 2441 845 2495; x_wconf 89' lang='lat' dir='ltr'><strong>ab</strong></span> <span class='ocrx_word' id='word_1_215' title='bbox 859 2440 998 2496; x_wconf 85' lang='lat' dir='ltr'><strong>Sinuessa</strong></span> <span class='ocrx_word' id='word_1_216' title='bbox 1012 2440 1121 2496; x_wconf 89' lang='lat' dir='ltr'><strong>Poenus</strong></span> 
     </span>
     <span class='ocr_line' id='line_1_29' title="bbox 174 2517 1120 2597; baseline -0.006 -19"><span class='ocrx_word' id='word_1_217' title='bbox 174 2520 281 2596; x_wconf 85' lang='lat' dir='ltr'><strong>Appiae</strong></span> <span class='ocrx_word' id='word_1_218' title='bbox 296 2519 387 2577; x_wconf 91' lang='lat' dir='ltr'><strong>limite</strong></span> <span class='ocrx_word' id='word_1_219' title='bbox 401 2522 553 2597; x_wconf 89' lang='lat' dir='ltr'><strong>pervenire</strong></span> <span class='ocrx_word' id='word_1_220' title='bbox 568 2521 598 2576; x_wconf 91' lang='lat' dir='ltr'><strong>in</strong></span> <span class='ocrx_word' id='word_1_221' title='bbox 614 2538 718 2596; x_wconf 90' lang='lat' dir='ltr'><strong>agrum</strong></span> <span class='ocrx_word' id='word_1_222' title='bbox 730 2518 894 2575; x_wconf 87' lang='lat' dir='ltr'><strong>Romanum</strong></span> <span class='ocrx_word' id='word_1_223' title='bbox 908 2527 1011 2592; x_wconf 89' lang='lat' dir='ltr'><strong>posset.</strong></span> <span class='ocrx_word' id='word_1_224' title='bbox 1047 2517 1120 2574; x_wconf 89' lang='lat' dir='ltr'><strong>Con-</strong></span> 
     </span>
     <span class='ocr_line' id='line_1_30' title="bbox 173 2596 1120 2675; baseline -0.006 -19"><span class='ocrx_word' id='word_1_225' title='bbox 173 2598 283 2675; x_wconf 84' lang='lat' dir='ltr'><strong>junotis</strong></span> <span class='ocrx_word' id='word_1_226' title='bbox 298 2600 474 2657; x_wconf 87' lang='lat' dir='ltr'><strong>exercitibus</strong></span> <span class='ocrx_word' id='word_1_227' title='bbox 489 2599 609 2656; x_wconf 91' lang='lat' dir='ltr'><strong>dictator</strong></span> <span class='ocrx_word' id='word_1_228' title='bbox 624 2618 659 2655; x_wconf 92' lang='lat' dir='ltr'><strong>ac</strong></span> <span class='ocrx_word' id='word_1_229' title='bbox 679 2598 817 2673; x_wconf 85' lang='lat' dir='ltr'><strong>magister</strong></span> <span class='ocrx_word' id='word_1_230' title='bbox 831 2597 961 2671; x_wconf 90' lang='lat' dir='ltr'><strong>equitum</strong></span> <span class='ocrx_word' id='word_1_231' title='bbox 975 2604 1070 2652; x_wconf 87' lang='lat' dir='ltr'><strong>castra</strong></span> <span class='ocrx_word' id='word_1_232' title='bbox 1090 2596 1120 2650; x_wconf 94' lang='lat' dir='ltr'><strong>in</strong></span> 
     </span>
     <span class='ocr_line' id='line_1_31' title="bbox 173 2672 1169 2755; baseline -0.002 -20"><span class='ocrx_word' id='word_1_233' title='bbox 173 2680 253 2735; x_wconf 88' lang='lat' dir='ltr'><strong>viam</strong></span> <span class='ocrx_word' id='word_1_234' title='bbox 274 2678 419 2748; x_wconf 90' lang='lat' dir='ltr'><strong>deferunt,</strong></span> <span class='ocrx_word' id='word_1_235' title='bbox 440 2697 499 2755; x_wconf 91' lang='lat' dir='ltr'><strong>qua</strong></span> <span class='ocrx_word' id='word_1_236' title='bbox 520 2676 669 2736; x_wconf 90' lang='lat' dir='ltr'><strong>Hannibal</strong></span> <span class='ocrx_word' id='word_1_237' title='bbox 691 2676 833 2732; x_wconf 87' lang='lat' dir='ltr'><strong>ducturus</strong></span> <span class='ocrx_word' id='word_1_238' title='bbox 854 2685 925 2731; x_wconf 89' lang='lat' dir='ltr'><strong>erat.</strong></span> <span class='ocrx_word' id='word_1_239' title='bbox 968 2672 1034 2730; x_wconf 91' lang='lat' dir='ltr'><strong>Duo</strong></span> <span class='ocrx_word' id='word_1_240' title='bbox 1055 2672 1169 2732; x_wconf 85' lang='lat' dir='ltr'><strong>inde30</strong></span> 
     </span>
     <span class='ocr_line' id='line_1_32' title="bbox 174 2752 1188 2829; baseline 0 -16"><span class='ocrx_word' id='word_1_241' title='bbox 174 2757 268 2815; x_wconf 90' lang='lat' dir='ltr'><strong>millia</strong></span> <span class='ocrx_word' id='word_1_242' title='bbox 283 2758 379 2815; x_wconf 90' lang='lat' dir='ltr'><strong>hostes</strong></span> <span class='ocrx_word' id='word_1_243' title='bbox 393 2758 523 2816; x_wconf 86' lang='lat' dir='ltr'><strong>aberant.</strong></span> <span class='ocrx_word' id='word_1_244' title='bbox 567 2755 648 2814; x_wconf 91' lang='lat' dir='ltr'><strong>XVI.</strong></span> <span class='ocrx_word' id='word_1_245' title='bbox 672 2754 789 2811; x_wconf 90' lang='lat' dir='ltr'><strong>Postero</strong></span> <span class='ocrx_word' id='word_1_246' title='bbox 802 2753 848 2811; x_wconf 88' lang='lat' dir='ltr'><strong>dic</strong></span> <span class='ocrx_word' id='word_1_247' title='bbox 869 2753 961 2823; x_wconf 88' lang='lat' dir='ltr'><strong>Poeni,</strong></span> <span class='ocrx_word' id='word_1_248' title='bbox 976 2752 1052 2829; x_wconf 94' lang='lat' dir='ltr'><strong>quod</strong></span> <span class='ocrx_word' id='word_1_249' title='bbox 1066 2752 1121 2809; x_wconf 83' lang='lat' dir='ltr'><strong>viae</strong></span> <span class='ocrx_word' id='word_1_250' title='bbox 1177 2794 1188 2813; x_wconf 80' lang='grc'><strong><em>,</em></strong></span> 
     </span>
     <span class='ocr_line' id='line_1_33' title="bbox 173 2832 1121 2913; baseline -0.006 -18"><span class='ocrx_word' id='word_1_251' title='bbox 173 2837 249 2895; x_wconf 91' lang='lat' dir='ltr'><strong>inter</strong></span> <span class='ocrx_word' id='word_1_252' title='bbox 264 2838 334 2894; x_wconf 89' lang='lat' dir='ltr'><strong>bina</strong></span> <span class='ocrx_word' id='word_1_253' title='bbox 348 2847 443 2895; x_wconf 88' lang='lat' dir='ltr'><strong>eastra</strong></span> <span class='ocrx_word' id='word_1_254' title='bbox 457 2846 528 2907; x_wconf 88' lang='lat' dir='ltr'><strong>erat,</strong></span> <span class='ocrx_word' id='word_1_255' title='bbox 544 2837 659 2913; x_wconf 82' lang='lat' dir='ltr'><strong>agmina</strong></span> <span class='ocrx_word' id='word_1_256' title='bbox 673 2834 865 2910; x_wconf 85' lang='lat' dir='ltr'><strong>complevere.</strong></span> <span class='ocrx_word' id='word_1_257' title='bbox 907 2832 982 2890; x_wconf 90' lang='lat' dir='ltr'><strong>Cum</strong></span> <span class='ocrx_word' id='word_1_258' title='bbox 997 2832 1121 2892; x_wconf 84' lang='lat' dir='ltr'><strong>Romani</strong></span> 
     </span>
     <span class='ocr_line' id='line_1_34' title="bbox 174 2912 1119 2992; baseline -0.005 -19"><span class='ocrx_word' id='word_1_259' title='bbox 174 2917 229 2973; x_wconf 90' lang='lat' dir='ltr'><strong>sub</strong></span> <span class='ocrx_word' id='word_1_260' title='bbox 257 2916 320 2992; x_wconf 91' lang='lat' dir='ltr'><strong>ipso</strong></span> <span class='ocrx_word' id='word_1_261' title='bbox 349 2917 542 2974; x_wconf 86' lang='lat' dir='ltr'><strong>constitissent</strong></span> <span class='ocrx_word' id='word_1_262' title='bbox 566 2916 652 2985; x_wconf 91' lang='lat' dir='ltr'><strong>vallo,</strong></span> <span class='ocrx_word' id='word_1_263' title='bbox 681 2914 758 2971; x_wconf 89' lang='lat' dir='ltr'><strong>haud</strong></span> <span class='ocrx_word' id='word_1_264' title='bbox 786 2912 871 2970; x_wconf 91' lang='lat' dir='ltr'><strong>dubie</strong></span> <span class='ocrx_word' id='word_1_265' title='bbox 896 2914 1020 2989; x_wconf 89' lang='lat' dir='ltr'><strong>aequiore</strong></span> <span class='ocrx_word' id='word_1_266' title='bbox 1048 2912 1119 2981; x_wconf 89' lang='lat' dir='ltr'><strong>loce,</strong></span> 
     </span>
     <span class='ocr_line' id='line_1_35' title="bbox 173 2990 1120 3070; baseline -0.006 -17"><span class='ocrx_word' id='word_1_267' title='bbox 173 2996 317 3053; x_wconf 81' lang='lat' dir='ltr'><strong>suecessit</strong></span> <span class='ocrx_word' id='word_1_268' title='bbox 331 3005 428 3053; x_wconf 88' lang='lat' dir='ltr'><strong>tamen</strong></span> <span class='ocrx_word' id='word_1_269' title='bbox 443 2996 552 3053; x_wconf 90' lang='lat' dir='ltr'><strong>Poenus</strong></span> <span class='ocrx_word' id='word_1_270' title='bbox 566 3014 635 3052; x_wconf 92' lang='lat' dir='ltr'><strong>cum</strong></span> <span class='ocrx_word' id='word_1_271' title='bbox 655 2993 796 3070; x_wconf 90' lang='lat' dir='ltr'><strong>expeditis</strong></span> <span class='ocrx_word' id='word_1_272' title='bbox 816 2993 969 3069; x_wconf 88' lang='lat' dir='ltr'><strong>equitibus,</strong></span> <span class='ocrx_word' id='word_1_273' title='bbox 985 3004 1069 3069; x_wconf 91' lang='lat' dir='ltr'><strong>atquc</strong></span> <span class='ocrx_word' id='word_1_274' title='bbox 1085 2990 1120 3049; x_wconf 91' lang='lat' dir='ltr'><strong>ad</strong></span> 
     </span>
     <span class='ocr_line' id='line_1_36' title="bbox 174 3072 1169 3151; baseline -0.002 -19"><span class='ocrx_word' id='word_1_275' title='bbox 174 3074 380 3132; x_wconf 88' lang='lat' dir='ltr'><strong>lacessendum</strong></span> <span class='ocrx_word' id='word_1_276' title='bbox 404 3075 515 3133; x_wconf 87' lang='lat' dir='ltr'><strong>hostem</strong></span> <span class='ocrx_word' id='word_1_277' title='bbox 536 3075 657 3151; x_wconf 87' lang='lat' dir='ltr'><strong>carptim</strong></span> <span class='ocrx_word' id='word_1_278' title='bbox 680 3073 764 3131; x_wconf 87' lang='lat' dir='ltr'><strong>Poeni</strong></span> <span class='ocrx_word' id='word_1_279' title='bbox 784 3082 813 3130; x_wconf 90' lang='lat' dir='ltr'><strong>et</strong></span> <span class='ocrx_word' id='word_1_280' title='bbox 834 3073 1028 3149; x_wconf 89' lang='lat' dir='ltr'><strong>procursando</strong></span> <span class='ocrx_word' id='word_1_281' title='bbox 1047 3072 1169 3130; x_wconf 81' lang='lat' dir='ltr'><strong>reci-35</strong></span> 
     </span>
     <span class='ocr_line' id='line_1_37' title="bbox 174 3151 1121 3233; baseline -0.005 -22"><span class='ocrx_word' id='word_1_282' title='bbox 174 3154 337 3233; x_wconf 88' lang='lat' dir='ltr'><strong>piendoque</strong></span> <span class='ocrx_word' id='word_1_283' title='bbox 364 3174 428 3212; x_wconf 83' lang='lat' dir='ltr'><strong>sese</strong></span> <span class='ocrx_word' id='word_1_284' title='bbox 453 3173 631 3232; x_wconf 89' lang='lat' dir='ltr'><strong>pugnavere.</strong></span> <span class='ocrx_word' id='word_1_285' title='bbox 688 3152 803 3210; x_wconf 86' lang='lat' dir='ltr'><strong>Restitit</strong></span> <span class='ocrx_word' id='word_1_286' title='bbox 827 3172 880 3210; x_wconf 91' lang='lat' dir='ltr'><strong>suo</strong></span> <span class='ocrx_word' id='word_1_287' title='bbox 902 3152 964 3209; x_wconf 91' lang='lat' dir='ltr'><strong>loco</strong></span> <span class='ocrx_word' id='word_1_288' title='bbox 989 3151 1121 3208; x_wconf 89' lang='lat' dir='ltr'><strong>Romana</strong></span> 
     </span>
     <span class='ocr_line' id='line_1_38' title="bbox 175 3229 1121 3311; baseline -0.007 -20"><span class='ocrx_word' id='word_1_289' title='bbox 175 3234 271 3291; x_wconf 86' lang='lat' dir='ltr'><strong>acies:</strong></span> <span class='ocrx_word' id='word_1_290' title='bbox 295 3234 374 3290; x_wconf 89' lang='lat' dir='ltr'><strong>lenta</strong></span> <span class='ocrx_word' id='word_1_291' title='bbox 388 3253 486 3311; x_wconf 88' lang='lat' dir='ltr'><strong>pugna</strong></span> <span class='ocrx_word' id='word_1_292' title='bbox 495 3244 524 3291; x_wconf 91' lang='lat' dir='ltr'><strong>et</strong></span> <span class='ocrx_word' id='word_1_293' title='bbox 537 3253 573 3290; x_wconf 84' lang='lat' dir='ltr'><strong>ex</strong></span> <span class='ocrx_word' id='word_1_294' title='bbox 587 3233 733 3291; x_wconf 88' lang='lat' dir='ltr'><strong>dictatoris</strong></span> <span class='ocrx_word' id='word_1_295' title='bbox 742 3232 835 3308; x_wconf 87' lang='lat' dir='ltr'><strong>magis</strong></span> <span class='ocrx_word' id='word_1_296' title='bbox 845 3250 933 3306; x_wconf 91' lang='lat' dir='ltr'><strong>quam</strong></span> <span class='ocrx_word' id='word_1_297' title='bbox 947 3229 1121 3287; x_wconf 90' lang='lat' dir='ltr'><strong>Hannibalis</strong></span> 
     </span>
     <span class='ocr_line' id='line_1_39' title="bbox 175 3308 1120 3387; baseline -0.006 -18"><span class='ocrx_word' id='word_1_298' title='bbox 175 3312 230 3370; x_wconf 90' lang='lat' dir='ltr'><strong>fuit</strong></span> <span class='ocrx_word' id='word_1_299' title='bbox 250 3313 417 3370; x_wconf 90' lang='lat' dir='ltr'><strong>voluntate:</strong></span> <span class='ocrx_word' id='word_1_300' title='bbox 449 3312 567 3369; x_wconf 87' lang='lat' dir='ltr'><strong>ducenti</strong></span> <span class='ocrx_word' id='word_1_301' title='bbox 588 3314 624 3370; x_wconf 91' lang='lat' dir='ltr'><strong>ab</strong></span> <span class='ocrx_word' id='word_1_302' title='bbox 647 3312 794 3379; x_wconf 79' lang='lat' dir='ltr'><strong>Romania,</strong></span> <span class='ocrx_word' id='word_1_303' title='bbox 815 3310 971 3387; x_wconf 89' lang='lat' dir='ltr'><strong>octingenti</strong></span> <span class='ocrx_word' id='word_1_304' title='bbox 995 3308 1120 3364; x_wconf 91' lang='lat' dir='ltr'><strong>hostium</strong></span> 
     </span>
     <span class='ocr_line' id='line_1_40' title="bbox 175 3385 1120 3457; baseline -0.007 -9"><span class='ocrx_word' id='word_1_305' title='bbox 175 3391 320 3449; x_wconf 87' lang='lat' dir='ltr'><strong>cecidere.</strong></span> <span class='ocrx_word' id='word_1_306' title='bbox 344 3391 480 3450; x_wconf 88' lang='lat' dir='ltr'><strong>Inclusus</strong></span> <span class='ocrx_word' id='word_1_307' title='bbox 494 3392 560 3449; x_wconf 91' lang='lat' dir='ltr'><strong>inde</strong></span> <span class='ocrx_word' id='word_1_308' title='bbox 576 3391 667 3448; x_wconf 90' lang='lat' dir='ltr'><strong>videri</strong></span> <span class='ocrx_word' id='word_1_309' title='bbox 682 3389 839 3457; x_wconf 89' lang='lat' dir='ltr'><strong>Hannibal,</strong></span> <span class='ocrx_word' id='word_1_310' title='bbox 851 3388 899 3445; x_wconf 92' lang='lat' dir='ltr'><strong>via</strong></span> <span class='ocrx_word' id='word_1_311' title='bbox 913 3387 949 3443; x_wconf 90' lang='lat' dir='ltr'><strong>ad</strong></span> <span class='ocrx_word' id='word_1_312' title='bbox 959 3385 1120 3444; x_wconf 88' lang='lat' dir='ltr'><strong>Casilinum</strong></span> 
     </span>
     <span class='ocr_line' id='line_1_41' title="bbox 173 3467 1168 3547; baseline -0.001 -21"><span class='ocrx_word' id='word_1_313' title='bbox 173 3468 312 3543; x_wconf 83' lang='lat' dir='ltr'><strong>obsessa3</strong></span> <span class='ocrx_word' id='word_1_314' title='bbox 347 3490 416 3528; x_wconf 93' lang='lat' dir='ltr'><strong>cum</strong></span> <span class='ocrx_word' id='word_1_315' title='bbox 440 3470 542 3547; x_wconf 83' lang='lat' dir='ltr'><strong>Capua</strong></span> <span class='ocrx_word' id='word_1_316' title='bbox 564 3480 592 3528; x_wconf 87' lang='lat' dir='ltr'><strong>ct</strong></span> <span class='ocrx_word' id='word_1_317' title='bbox 620 3470 771 3527; x_wconf 86' lang='lat' dir='ltr'><strong>Samnium</strong></span> <span class='ocrx_word' id='word_1_318' title='bbox 794 3478 822 3524; x_wconf 92' lang='lat' dir='ltr'><strong>et</strong></span> <span class='ocrx_word' id='word_1_319' title='bbox 845 3476 957 3524; x_wconf 91' lang='lat' dir='ltr'><strong>tantum</strong></span> <span class='ocrx_word' id='word_1_320' title='bbox 980 3467 1016 3522; x_wconf 93' lang='lat' dir='ltr'><strong>ab</strong></span> <span class='ocrx_word' id='word_1_321' title='bbox 1040 3476 1121 3542; x_wconf 91' lang='lat' dir='ltr'><strong>tergo</strong></span> <span class='ocrx_word' id='word_1_322' title='bbox 1130 3470 1168 3525; x_wconf 76' lang='lat'><strong>4⁰</strong></span> 
     </span>
     <span class='ocr_line' id='line_1_42' title="bbox 173 3544 1243 3625; baseline -0.006 -21"><span class='ocrx_word' id='word_1_323' title='bbox 173 3546 297 3607; x_wconf 89' lang='lat' dir='ltr'><strong>divitum</strong></span> <span class='ocrx_word' id='word_1_324' title='bbox 313 3550 458 3607; x_wconf 88' lang='lat' dir='ltr'><strong>sociorum</strong></span> <span class='ocrx_word' id='word_1_325' title='bbox 473 3550 614 3625; x_wconf 68' lang='lat' dir='ltr'><strong>Romanis</strong></span> <span class='ocrx_word' id='word_1_326' title='bbox 626 3559 802 3607; x_wconf 90' lang='lat' dir='ltr'><strong>commeatus</strong></span> <span class='ocrx_word' id='word_1_327' title='bbox 816 3546 997 3614; x_wconf 90' lang='lat' dir='ltr'><strong>subveheret,</strong></span> <span class='ocrx_word' id='word_1_328' title='bbox 1013 3544 1121 3603; x_wconf 87' lang='lat' dir='ltr'><strong>Poenus</strong></span> <span class='ocrx_word' id='word_1_329' title='bbox 1188 3597 1192 3603; x_wconf 80' lang='grc'><strong><em>,</em></strong></span> <span class='ocrx_word' id='word_1_330' title='bbox 1241 3564 1243 3569; x_wconf 93' lang='grc'><strong><em>·</em></strong></span> 
     </span>
     <span class='ocr_line' id='line_1_43' title="bbox 173 3626 1119 3701; baseline -0.006 -16"><span class='ocrx_word' id='word_1_331' title='bbox 173 3628 249 3685; x_wconf 86' lang='lat' dir='ltr'><strong>inter</strong></span> <span class='ocrx_word' id='word_1_332' title='bbox 270 3628 428 3686; x_wconf 85' lang='lat' dir='ltr'><strong>Formiana</strong></span> <span class='ocrx_word' id='word_1_333' title='bbox 442 3626 517 3691; x_wconf 80' lang='lat' dir='ltr'><strong>saira&#39;</strong></span> <span class='ocrx_word' id='word_1_334' title='bbox 535 3649 570 3687; x_wconf 91' lang='lat' dir='ltr'><strong>ac</strong></span> <span class='ocrx_word' id='word_1_335' title='bbox 590 3628 726 3686; x_wconf 81' lang='lat' dir='ltr'><strong>Liternus</strong></span> <span class='ocrx_word' id='word_1_336' title='bbox 751 3645 854 3683; x_wconf 90' lang='lat' dir='ltr'><strong>arenas</strong></span> <span class='ocrx_word' id='word_1_337' title='bbox 878 3635 1037 3701; x_wconf 88' lang='lat' dir='ltr'><strong>stagnaque</strong></span> <span class='ocrx_word' id='word_1_338' title='bbox 1059 3641 1119 3700; x_wconf 89' lang='lat' dir='ltr'><strong>per·</strong></span> 
     </span>
     <span class='ocr_line' id='line_1_44' title="bbox 173 3702 1119 3774; baseline -0.003 -13"><span class='ocrx_word' id='word_1_339' title='bbox 173 3702 292 3764; x_wconf 91' lang='lat' dir='ltr'><strong>horrida</strong></span> <span class='ocrx_word' id='word_1_340' title='bbox 303 3708 362 3765; x_wconf 90' lang='lat' dir='ltr'><strong>situ</strong></span> <span class='ocrx_word' id='word_1_341' title='bbox 376 3707 582 3766; x_wconf 89' lang='lat' dir='ltr'><strong>hibernaturus</strong></span> <span class='ocrx_word' id='word_1_342' title='bbox 596 3716 682 3764; x_wconf 85' lang='lat' dir='ltr'><strong>esset.</strong></span> <span class='ocrx_word' id='word_1_343' title='bbox 718 3705 784 3762; x_wconf 89' lang='lat' dir='ltr'><strong>Nee</strong></span> <span class='ocrx_word' id='word_1_344' title='bbox 799 3704 994 3761; x_wconf 90' lang='lat' dir='ltr'><strong>Hannibalem</strong></span> <span class='ocrx_word' id='word_1_345' title='bbox 1009 3702 1119 3774; x_wconf 91' lang='lat' dir='ltr'><strong>fefellit,</strong></span> 
     </span>
     <span class='ocr_line' id='line_1_45' title="bbox 173 3781 1121 3865; baseline -0.005 -19"><span class='ocrx_word' id='word_1_346' title='bbox 173 3786 236 3846; x_wconf 83' lang='lat' dir='ltr'><strong>suis</strong></span> <span class='ocrx_word' id='word_1_347' title='bbox 249 3806 282 3845; x_wconf 87' lang='lat' dir='ltr'><strong>se</strong></span> <span class='ocrx_word' id='word_1_348' title='bbox 297 3786 408 3845; x_wconf 88' lang='lat' dir='ltr'><strong>artibus</strong></span> <span class='ocrx_word' id='word_1_349' title='bbox 428 3786 505 3865; x_wconf 88' lang='lat' dir='ltr'><strong>peti:</strong></span> <span class='ocrx_word' id='word_1_350' title='bbox 527 3786 633 3863; x_wconf 87' lang='lat' dir='ltr'><strong>itaque,</strong></span> <span class='ocrx_word' id='word_1_351' title='bbox 653 3803 722 3843; x_wconf 90' lang='lat' dir='ltr'><strong>cum</strong></span> <span class='ocrx_word' id='word_1_352' title='bbox 744 3802 795 3860; x_wconf 89' lang='lat' dir='ltr'><strong>per</strong></span> <span class='ocrx_word' id='word_1_353' title='bbox 813 3783 976 3841; x_wconf 82' lang='lat' dir='ltr'><strong>Casilinum</strong></span> <span class='ocrx_word' id='word_1_354' title='bbox 997 3781 1121 3842; x_wconf 81' lang='lat' dir='ltr'><strong>evadere</strong></span> 
     </span>
    </p>
   </div>
   <div class='ocr_carea' id='block_1_3' title="bbox 0 0 1364 4292">
    <p class='ocr_par' dir='ltr' id='par_1_4' title="bbox 0 0 1364 4292">
     <span class='ocr_line' id='line_1_46' title="bbox 0 0 1364 4292; baseline 0 2"><span class='ocrx_word' id='word_1_355' title='bbox 0 0 1364 4292; x_wconf 95' lang='lat' dir='ltr'><strong> </strong></span> 
     </span>
    </p>
   </div>
  </div>
 </body>
</html>
