<?xml version="1.0" encoding="UTF-8"?>
<!DOCTYPE html PUBLIC "-//W3C//DTD XHTML 1.0 Transitional//EN"
    "http://www.w3.org/TR/xhtml1/DTD/xhtml1-transitional.dtd">
<html xmlns="http://www.w3.org/1999/xhtml" xml:lang="en" lang="en">
 <head>
  <title>
</title>
<meta http-equiv="Content-Type" content="text/html;charset=utf-8" />
  <meta name='ocr-system' content='tesseract 3.04.00' />
  <meta name='ocr-capabilities' content='ocr_page ocr_carea ocr_par ocr_line ocrx_word'/>
</head>
<body>
  <div class='ocr_page' id='page_1' title='image "./selectionsfromf01alscgoog_0129.png"; bbox 0 0 2717 4292; ppageno 0'>
   <div class='ocr_carea' id='block_1_1' title="bbox 417 278 1189 341">
    <p class='ocr_par' dir='ltr' id='par_1_1' title="bbox 417 278 1189 341">
     <span class='ocr_line' id='line_1_1' title="bbox 417 278 1189 341; baseline 0.019 -15"><span class='ocrx_word' id='word_1_1' title='bbox 417 282 504 327; x_wconf 77' lang='lat' dir='ltr'>erasa</span> <span class='ocrx_word' id='word_1_2' title='bbox 523 284 587 325; x_wconf 84' lang='lat' dir='ltr'>xxr.</span> <span class='ocrx_word' id='word_1_3' title='bbox 619 284 686 326; x_wconf 72' lang='lat' dir='ltr'>cnr.</span> <span class='ocrx_word' id='word_1_4' title='bbox 701 284 786 339; x_wconf 87' lang='lat' dir='ltr'>xxm,</span> <span class='ocrx_word' id='word_1_5' title='bbox 800 286 885 341; x_wconf 80' lang='lat' dir='ltr'>mr,</span> <span class='ocrx_word' id='word_1_6' title='bbox 899 286 972 329; x_wconf 84' lang='lat' dir='ltr'><strong>xxv.</strong></span> <span class='ocrx_word' id='word_1_7' title='bbox 1132 278 1189 341; x_wconf 89' lang='lat'>111</span> 
     </span>
    </p>
   </div>
   <div class='ocr_carea' id='block_1_2' title="bbox 94 416 1292 3821">
    <p class='ocr_par' dir='ltr' id='par_1_2' title="bbox 192 416 1143 555">
     <span class='ocr_line' id='line_1_2' title="bbox 192 416 1143 500; baseline 0.007 -25"><span class='ocrx_word' id='word_1_8' title='bbox 192 428 275 475; x_wconf 84' lang='lat' dir='ltr'>esse:</span> <span class='ocrx_word' id='word_1_9' title='bbox 296 425 433 493; x_wconf 81' lang='lat' dir='ltr'>pergeret</span> <span class='ocrx_word' id='word_1_10' title='bbox 454 434 538 493; x_wconf 91' lang='lat' dir='ltr'>porro</span> <span class='ocrx_word' id='word_1_11' title='bbox 556 416 608 488; x_wconf 90' lang='lat' dir='ltr'>ire,</span> <span class='ocrx_word' id='word_1_12' title='bbox 630 435 687 475; x_wconf 92' lang='lat' dir='ltr'>nec</span> <span class='ocrx_word' id='word_1_13' title='bbox 701 416 779 476; x_wconf 92' lang='lat' dir='ltr'>ultra</span> <span class='ocrx_word' id='word_1_14' title='bbox 792 418 963 495; x_wconf 85' lang='lat' dir='ltr'>inquireret,</span> <span class='ocrx_word' id='word_1_15' title='bbox 977 417 1143 500; x_wconf 72' lang='lat' dir='ltr'>sineretque</span> 
     </span>
     <span class='ocr_line' id='line_1_3' title="bbox 192 492 514 555; baseline 0.003 -3"><span class='ocrx_word' id='word_1_16' title='bbox 192 492 252 553; x_wconf 83' lang='lat' dir='ltr'>iata</span> <span class='ocrx_word' id='word_1_17' title='bbox 265 496 296 553; x_wconf 93' lang='lat' dir='ltr'>in</span> <span class='ocrx_word' id='word_1_18' title='bbox 306 496 426 555; x_wconf 86' lang='lat' dir='ltr'>occulto</span> <span class='ocrx_word' id='word_1_19' title='bbox 440 516 514 554; x_wconf 90' lang='lat' dir='ltr'>esse.</span> 
     </span>
    </p>

    <p class='ocr_par' dir='ltr' id='par_1_3' title="bbox 94 574 1292 3445">
     <span class='ocr_line' id='line_1_4' title="bbox 94 574 1141 685; baseline 0.007 -52"><span class='ocrx_word' id='word_1_20' title='bbox 94 590 177 685; x_wconf 38' lang='lat' dir='ltr'>&gt;p</span> <span class='ocrx_word' id='word_1_21' title='bbox 232 574 344 634; x_wconf 90' lang='lat' dir='ltr'><strong>XXIII.</strong></span> <span class='ocrx_word' id='word_1_22' title='bbox 367 575 433 634; x_wconf 90' lang='lat' dir='ltr'>Hoc</span> <span class='ocrx_word' id='word_1_23' title='bbox 444 577 513 633; x_wconf 89' lang='lat' dir='ltr'>-visu</span> <span class='ocrx_word' id='word_1_24' title='bbox 528 576 611 635; x_wconf 86' lang='lat' dir='ltr'>laetus</span> <span class='ocrx_word' id='word_1_25' title='bbox 622 577 762 654; x_wconf 89' lang='lat' dir='ltr'>tripartito</span> <span class='ocrx_word' id='word_1_26' title='bbox 775 576 892 642; x_wconf 90' lang='lat' dir='ltr'>Iberum</span> <span class='ocrx_word' id='word_1_27' title='bbox 906 581 1004 657; x_wconf 83' lang='lat' dir='ltr'>copias</span> <span class='ocrx_word' id='word_1_28' title='bbox 1017 581 1141 659; x_wconf 88' lang='lat' dir='ltr'>trajecit,</span> 
     </span>
     <span class='ocr_line' id='line_1_5' title="bbox 190 645 1142 735; baseline 0.008 -23"><span class='ocrx_word' id='word_1_29' title='bbox 190 656 349 731; x_wconf 85' lang='lat' dir='ltr'>praemissis</span> <span class='ocrx_word' id='word_1_30' title='bbox 362 657 412 733; x_wconf 92' lang='lat' dir='ltr'>qui</span> <span class='ocrx_word' id='word_1_31' title='bbox 423 655 577 714; x_wconf 82' lang='lat' dir='ltr'>Gallorum</span> <span class='ocrx_word' id='word_1_32' title='bbox 588 658 708 729; x_wconf 81' lang='lat' dir='ltr'>ammos,</span> <span class='ocrx_word' id='word_1_33' title='bbox 717 645 782 735; x_wconf 81' lang='lat' dir='ltr'>quai</span> <span class='ocrx_word' id='word_1_34' title='bbox 790 658 986 717; x_wconf 90' lang='lat' dir='ltr'>traducendus</span> <span class='ocrx_word' id='word_1_35' title='bbox 994 663 1142 721; x_wconf 86' lang='lat' dir='ltr'>exereitus</span> 
     </span>
     <span class='ocr_line' id='line_1_6' title="bbox 190 734 1169 817; baseline 0.011 -25"><span class='ocrx_word' id='word_1_36' title='bbox 190 744 262 805; x_wconf 88' lang='lat' dir='ltr'>erat,</span> <span class='ocrx_word' id='word_1_37' title='bbox 272 734 355 794; x_wconf 90' lang='lat' dir='ltr'>donis</span> <span class='ocrx_word' id='word_1_38' title='bbox 369 737 558 795; x_wconf 83' lang='lat' dir='ltr'>conciliarent</span> <span class='ocrx_word' id='word_1_39' title='bbox 567 737 748 814; x_wconf 88' lang='lat' dir='ltr'>Alpiumque</span> <span class='ocrx_word' id='word_1_40' title='bbox 760 739 899 796; x_wconf 90' lang='lat' dir='ltr'>transitus</span> <span class='ocrx_word' id='word_1_41' title='bbox 906 740 1138 817; x_wconf 90' lang='lat' dir='ltr'>specularentur.</span> <span class='ocrx_word' id='word_1_42' title='bbox 1149 748 1169 803; x_wconf 78' lang='grc'><strong><em>5</em></strong></span> 
     </span>
     <span class='ocr_line' id='line_1_7' title="bbox 190 813 1138 897; baseline 0.007 -24"><span class='ocrx_word' id='word_1_43' title='bbox 190 813 360 893; x_wconf 85' lang='lat' dir='ltr'>Nonaginta</span> <span class='ocrx_word' id='word_1_44' title='bbox 381 817 473 874; x_wconf 89' lang='lat' dir='ltr'>millia</span> <span class='ocrx_word' id='word_1_45' title='bbox 492 815 630 894; x_wconf 90' lang='lat' dir='ltr'>peditum,</span> <span class='ocrx_word' id='word_1_46' title='bbox 644 816 798 876; x_wconf 86' lang='lat' dir='ltr'>duodecim</span> <span class='ocrx_word' id='word_1_47' title='bbox 812 819 905 877; x_wconf 85' lang='lat' dir='ltr'>millia</span> <span class='ocrx_word' id='word_1_48' title='bbox 925 820 1056 897; x_wconf 91' lang='lat' dir='ltr'>equitum</span> <span class='ocrx_word' id='word_1_49' title='bbox 1076 820 1138 880; x_wconf 91' lang='lat' dir='ltr'>Ibe-</span> 
     </span>
     <span class='ocr_line' id='line_1_8' title="bbox 190 895 1140 976; baseline 0.012 -26"><span class='ocrx_word' id='word_1_50' title='bbox 190 912 257 952; x_wconf 88' lang='lat' dir='ltr'>rum</span> <span class='ocrx_word' id='word_1_51' title='bbox 273 896 413 954; x_wconf 82' lang='lat' dir='ltr'>traduxit.</span> <span class='ocrx_word' id='word_1_52' title='bbox 455 895 595 973; x_wconf 86' lang='lat' dir='ltr'>Ilergetes</span> <span class='ocrx_word' id='word_1_53' title='bbox 608 896 675 956; x_wconf 92' lang='lat' dir='ltr'>inde</span> <span class='ocrx_word' id='word_1_54' title='bbox 697 896 914 976; x_wconf 81' lang='lat' dir='ltr'>Bargusiosque</span> <span class='ocrx_word' id='word_1_55' title='bbox 928 910 957 957; x_wconf 93' lang='lat' dir='ltr'>et</span> <span class='ocrx_word' id='word_1_56' title='bbox 973 900 1140 961; x_wconf 80' lang='lat' dir='ltr'>Ausetanos</span> 
     </span>
     <span class='ocr_line' id='line_1_9' title="bbox 189 973 1138 1054; baseline 0.007 -22"><span class='ocrx_word' id='word_1_57' title='bbox 189 983 220 1032; x_wconf 90' lang='lat' dir='ltr'>et</span> <span class='ocrx_word' id='word_1_58' title='bbox 238 973 438 1048; x_wconf 87' lang='lat' dir='ltr'>Lacetaniam,</span> <span class='ocrx_word' id='word_1_59' title='bbox 453 995 519 1053; x_wconf 88' lang='lat' dir='ltr'>quae</span> <span class='ocrx_word' id='word_1_60' title='bbox 538 976 669 1054; x_wconf 87' lang='lat' dir='ltr'>subjecta</span> <span class='ocrx_word' id='word_1_61' title='bbox 683 976 834 1054; x_wconf 77' lang='lat' dir='ltr'>Pyrenaeis</span> <span class='ocrx_word' id='word_1_62' title='bbox 847 980 992 1037; x_wconf 91' lang='lat' dir='ltr'>montibus</span> <span class='ocrx_word' id='word_1_63' title='bbox 1005 990 1057 1049; x_wconf 86' lang='lat' dir='ltr'>est,</span> <span class='ocrx_word' id='word_1_64' title='bbox 1072 982 1138 1039; x_wconf 88' lang='lat' dir='ltr'>sub·</span> 
     </span>
     <span class='ocr_line' id='line_1_10' title="bbox 189 1054 1139 1134; baseline 0.011 -24"><span class='ocrx_word' id='word_1_65' title='bbox 189 1054 259 1131; x_wconf 89' lang='lat' dir='ltr'>egit,</span> <span class='ocrx_word' id='word_1_66' title='bbox 284 1073 400 1133; x_wconf 86' lang='lat' dir='ltr'>oraeque</span> <span class='ocrx_word' id='word_1_67' title='bbox 424 1057 493 1114; x_wconf 93' lang='lat' dir='ltr'>huic</span> <span class='ocrx_word' id='word_1_68' title='bbox 517 1058 595 1114; x_wconf 92' lang='lat' dir='ltr'>omni</span> <span class='ocrx_word' id='word_1_69' title='bbox 619 1056 749 1134; x_wconf 83' lang='lat' dir='ltr'>praefecit</span> <span class='ocrx_word' id='word_1_70' title='bbox 773 1057 958 1130; x_wconf 86' lang='lat' dir='ltr'>Hannonem,</span> <span class='ocrx_word' id='word_1_71' title='bbox 983 1069 1016 1118; x_wconf 90' lang='lat' dir='ltr'>ut</span> <span class='ocrx_word' id='word_1_72' title='bbox 1038 1059 1139 1120; x_wconf 87' lang='lat' dir='ltr'>sauces</span> 
     </span>
     <span class='ocr_line' id='line_1_11' title="bbox 188 1133 1186 1214; baseline 0.01 -23"><span class='ocrx_word' id='word_1_73' title='bbox 188 1152 255 1211; x_wconf 81' lang='lat' dir='ltr'>quae</span> <span class='ocrx_word' id='word_1_74' title='bbox 270 1133 428 1211; x_wconf 86' lang='lat' dir='ltr'>Hispanias</span> <span class='ocrx_word' id='word_1_75' title='bbox 442 1135 548 1194; x_wconf 91' lang='lat' dir='ltr'>Galliis</span> <span class='ocrx_word' id='word_1_76' title='bbox 558 1136 688 1214; x_wconf 77' lang='lat' dir='ltr'>Jungunt</span> <span class='ocrx_word' id='word_1_77' title='bbox 700 1141 732 1194; x_wconf 89' lang='lat' dir='ltr'>in</span> <span class='ocrx_word' id='word_1_78' title='bbox 745 1147 884 1213; x_wconf 89' lang='lat' dir='ltr'>potestate</span> <span class='ocrx_word' id='word_1_79' title='bbox 898 1149 1003 1198; x_wconf 89' lang='lat' dir='ltr'>essent.</span> <span class='ocrx_word' id='word_1_80' title='bbox 1026 1138 1138 1199; x_wconf 89' lang='lat' dir='ltr'>Decem</span> <span class='ocrx_word' id='word_1_81' title='bbox 1150 1145 1186 1201; x_wconf 86' lang='lat'>10</span> 
     </span>
     <span class='ocr_line' id='line_1_12' title="bbox 188 1214 1138 1299; baseline 0.011 -30"><span class='ocrx_word' id='word_1_82' title='bbox 188 1214 281 1271; x_wconf 93' lang='lat' dir='ltr'>millia</span> <span class='ocrx_word' id='word_1_83' title='bbox 295 1214 424 1293; x_wconf 89' lang='lat' dir='ltr'>peditum</span> <span class='ocrx_word' id='word_1_84' title='bbox 438 1215 575 1274; x_wconf 90' lang='lat' dir='ltr'>Hannoni</span> <span class='ocrx_word' id='word_1_85' title='bbox 595 1216 631 1273; x_wconf 90' lang='lat' dir='ltr'>ad</span> <span class='ocrx_word' id='word_1_86' title='bbox 652 1217 820 1293; x_wconf 85' lang='lat' dir='ltr'>praesidium</span> <span class='ocrx_word' id='word_1_87' title='bbox 833 1218 995 1277; x_wconf 79' lang='lat' dir='ltr'>obtinendae</span> <span class='ocrx_word' id='word_1_88' title='bbox 1012 1221 1138 1299; x_wconf 88' lang='lat' dir='ltr'>regionis</span> 
     </span>
     <span class='ocr_line' id='line_1_13' title="bbox 187 1292 1137 1374; baseline 0.008 -24"><span class='ocrx_word' id='word_1_89' title='bbox 187 1292 255 1351; x_wconf 92' lang='lat' dir='ltr'>data</span> <span class='ocrx_word' id='word_1_90' title='bbox 269 1305 298 1352; x_wconf 89' lang='lat' dir='ltr'>et</span> <span class='ocrx_word' id='word_1_91' title='bbox 319 1295 399 1353; x_wconf 88' lang='lat' dir='ltr'>mille</span> <span class='ocrx_word' id='word_1_92' title='bbox 420 1297 542 1374; x_wconf 90' lang='lat' dir='ltr'>equites.</span> <span class='ocrx_word' id='word_1_93' title='bbox 585 1295 741 1373; x_wconf 89' lang='lat' dir='ltr'>Postquam</span> <span class='ocrx_word' id='word_1_94' title='bbox 762 1315 815 1373; x_wconf 87' lang='lat' dir='ltr'>per</span> <span class='ocrx_word' id='word_1_95' title='bbox 834 1296 1010 1374; x_wconf 73' lang='lat' dir='ltr'>Pyrenaeum</span> <span class='ocrx_word' id='word_1_96' title='bbox 1029 1300 1137 1358; x_wconf 87' lang='lat' dir='ltr'>saltum</span> 
     </span>
     <span class='ocr_line' id='line_1_14' title="bbox 187 1373 1136 1453; baseline 0.007 -23"><span class='ocrx_word' id='word_1_97' title='bbox 187 1373 302 1431; x_wconf 87' lang='lat' dir='ltr'>traduci</span> <span class='ocrx_word' id='word_1_98' title='bbox 317 1376 463 1433; x_wconf 89' lang='lat' dir='ltr'>exercitus</span> <span class='ocrx_word' id='word_1_99' title='bbox 477 1384 521 1433; x_wconf 89' lang='lat' dir='ltr'>est</span> <span class='ocrx_word' id='word_1_100' title='bbox 541 1384 664 1452; x_wconf 83' lang='lat' dir='ltr'>coeptus,</span> <span class='ocrx_word' id='word_1_101' title='bbox 681 1394 837 1452; x_wconf 90' lang='lat' dir='ltr'>rumorque</span> <span class='ocrx_word' id='word_1_102' title='bbox 852 1395 904 1453; x_wconf 88' lang='lat' dir='ltr'>per</span> <span class='ocrx_word' id='word_1_103' title='bbox 924 1378 1062 1437; x_wconf 90' lang='lat' dir='ltr'>barbaros</span> <span class='ocrx_word' id='word_1_104' title='bbox 1076 1396 1136 1437; x_wconf 85' lang='lat' dir='ltr'>rna-</span> 
     </span>
     <span class='ocr_line' id='line_1_15' title="bbox 186 1453 1136 1533; baseline 0.008 -25"><span class='ocrx_word' id='word_1_105' title='bbox 186 1454 269 1511; x_wconf 87' lang='lat' dir='ltr'>navit</span> <span class='ocrx_word' id='word_1_106' title='bbox 283 1456 388 1512; x_wconf 89' lang='lat' dir='ltr'>certior</span> <span class='ocrx_word' id='word_1_107' title='bbox 402 1454 438 1513; x_wconf 87' lang='lat' dir='ltr'>de</span> <span class='ocrx_word' id='word_1_108' title='bbox 452 1454 528 1513; x_wconf 92' lang='lat' dir='ltr'>bello</span> <span class='ocrx_word' id='word_1_109' title='bbox 543 1453 684 1527; x_wconf 81' lang='lat' dir='ltr'>Romano,</span> <span class='ocrx_word' id='word_1_110' title='bbox 698 1456 755 1513; x_wconf 90' lang='lat' dir='ltr'>tria</span> <span class='ocrx_word' id='word_1_111' title='bbox 773 1455 867 1513; x_wconf 91' lang='lat' dir='ltr'>millia</span> <span class='ocrx_word' id='word_1_112' title='bbox 881 1456 947 1513; x_wconf 91' lang='lat' dir='ltr'>inde</span> <span class='ocrx_word' id='word_1_113' title='bbox 961 1456 1136 1533; x_wconf 86' lang='lat' dir='ltr'>Carpetano-</span> 
     </span>
     <span class='ocr_line' id='line_1_16' title="bbox 186 1534 1185 1610; baseline 0.011 -22"><span class='ocrx_word' id='word_1_114' title='bbox 186 1550 254 1590; x_wconf 90' lang='lat' dir='ltr'>rum</span> <span class='ocrx_word' id='word_1_115' title='bbox 278 1534 407 1610; x_wconf 91' lang='lat' dir='ltr'>peditum</span> <span class='ocrx_word' id='word_1_116' title='bbox 431 1536 486 1593; x_wconf 90' lang='lat' dir='ltr'>iter</span> <span class='ocrx_word' id='word_1_117' title='bbox 506 1544 687 1593; x_wconf 89' lang='lat' dir='ltr'>averterunt.</span> <span class='ocrx_word' id='word_1_118' title='bbox 728 1535 886 1593; x_wconf 85' lang='lat' dir='ltr'>Constabat</span> <span class='ocrx_word' id='word_1_119' title='bbox 905 1554 963 1593; x_wconf 91' lang='lat' dir='ltr'>non</span> <span class='ocrx_word' id='word_1_120' title='bbox 983 1545 1042 1593; x_wconf 88' lang='lat' dir='ltr'>tam</span> <span class='ocrx_word' id='word_1_121' title='bbox 1061 1538 1137 1596; x_wconf 88' lang='lat' dir='ltr'>bello</span> <span class='ocrx_word' id='word_1_122' title='bbox 1148 1544 1185 1599; x_wconf 77' lang='lat'>1⁶</span> 
     </span>
     <span class='ocr_line' id='line_1_17' title="bbox 186 1614 1137 1694; baseline 0.005 -25"><span class='ocrx_word' id='word_1_123' title='bbox 186 1622 278 1670; x_wconf 90' lang='lat' dir='ltr'>motos</span> <span class='ocrx_word' id='word_1_124' title='bbox 300 1633 389 1690; x_wconf 88' lang='lat' dir='ltr'>quarn</span> <span class='ocrx_word' id='word_1_125' title='bbox 421 1614 636 1692; x_wconf 85' lang='lat' dir='ltr'>longinquitate.</span> <span class='ocrx_word' id='word_1_126' title='bbox 658 1616 714 1673; x_wconf 77' lang='lat' dir='ltr'>viae</span> <span class='ocrx_word' id='word_1_127' title='bbox 741 1615 987 1692; x_wconf 85' lang='lat' dir='ltr'>insuperabilique</span> <span class='ocrx_word' id='word_1_128' title='bbox 1014 1616 1137 1694; x_wconf 91' lang='lat' dir='ltr'>Alpium</span> 
     </span>
     <span class='ocr_line' id='line_1_18' title="bbox 185 1693 1136 1771; baseline 0.005 -22"><span class='ocrx_word' id='word_1_129' title='bbox 185 1694 321 1751; x_wconf 90' lang='lat' dir='ltr'>transitu.</span> <span class='ocrx_word' id='word_1_130' title='bbox 363 1693 520 1764; x_wconf 87' lang='lat' dir='ltr'>Hannibal,</span> <span class='ocrx_word' id='word_1_131' title='bbox 536 1694 606 1771; x_wconf 91' lang='lat' dir='ltr'>quia</span> <span class='ocrx_word' id='word_1_132' title='bbox 620 1713 761 1752; x_wconf 83' lang='lat' dir='ltr'>revocare</span> <span class='ocrx_word' id='word_1_133' title='bbox 776 1704 827 1753; x_wconf 89' lang='lat' dir='ltr'>aut</span> <span class='ocrx_word' id='word_1_134' title='bbox 840 1696 870 1752; x_wconf 90' lang='lat' dir='ltr'>vi</span> <span class='ocrx_word' id='word_1_135' title='bbox 885 1695 1009 1754; x_wconf 90' lang='lat' dir='ltr'>retinere</span> <span class='ocrx_word' id='word_1_136' title='bbox 1024 1716 1074 1754; x_wconf 89' lang='lat' dir='ltr'>eos</span> <span class='ocrx_word' id='word_1_137' title='bbox 1087 1716 1136 1754; x_wconf 90' lang='lat' dir='ltr'>an-</span> 
     </span>
     <span class='ocr_line' id='line_1_19' title="bbox 184 1774 1135 1849; baseline 0.005 -20"><span class='ocrx_word' id='word_1_138' title='bbox 184 1791 256 1849; x_wconf 92' lang='lat' dir='ltr'>ceps</span> <span class='ocrx_word' id='word_1_139' title='bbox 274 1783 346 1845; x_wconf 89' lang='lat' dir='ltr'>erat,</span> <span class='ocrx_word' id='word_1_140' title='bbox 360 1792 398 1831; x_wconf 91' lang='lat' dir='ltr'>ne</span> <span class='ocrx_word' id='word_1_141' title='bbox 413 1784 576 1832; x_wconf 88' lang='lat' dir='ltr'>ceterorum</span> <span class='ocrx_word' id='word_1_142' title='bbox 591 1775 679 1833; x_wconf 89' lang='lat' dir='ltr'>etiam</span> <span class='ocrx_word' id='word_1_143' title='bbox 700 1774 815 1833; x_wconf 83' lang='lat' dir='ltr'>feroces</span> <span class='ocrx_word' id='word_1_144' title='bbox 831 1776 921 1833; x_wconf 90' lang='lat' dir='ltr'>animi</span> <span class='ocrx_word' id='word_1_145' title='bbox 942 1776 1135 1848; x_wconf 85' lang='lat' dir='ltr'>irritarentur,</span> 
     </span>
     <span class='ocr_line' id='line_1_20' title="bbox 184 1853 1136 1933; baseline 0.005 -24"><span class='ocrx_word' id='word_1_146' title='bbox 184 1870 276 1930; x_wconf 89' lang='lat' dir='ltr'>supra</span> <span class='ocrx_word' id='word_1_147' title='bbox 289 1864 397 1931; x_wconf 90' lang='lat' dir='ltr'>septem</span> <span class='ocrx_word' id='word_1_148' title='bbox 412 1854 506 1912; x_wconf 89' lang='lat' dir='ltr'>millia</span> <span class='ocrx_word' id='word_1_149' title='bbox 524 1854 673 1911; x_wconf 90' lang='lat' dir='ltr'>hominum</span> <span class='ocrx_word' id='word_1_150' title='bbox 688 1853 787 1914; x_wconf 90' lang='lat' dir='ltr'>domos</span> <span class='ocrx_word' id='word_1_151' title='bbox 808 1856 927 1927; x_wconf 87' lang='lat' dir='ltr'>remisit,</span> <span class='ocrx_word' id='word_1_152' title='bbox 942 1874 1016 1933; x_wconf 91' lang='lat' dir='ltr'>quos</span> <span class='ocrx_word' id='word_1_153' title='bbox 1032 1866 1061 1913; x_wconf 91' lang='lat' dir='ltr'>et</span> <span class='ocrx_word' id='word_1_154' title='bbox 1074 1857 1136 1933; x_wconf 91' lang='lat' dir='ltr'>ipse</span> 
     </span>
     <span class='ocr_line' id='line_1_21' title="bbox 184 1933 1185 2012; baseline 0.011 -24"><span class='ocrx_word' id='word_1_155' title='bbox 184 1934 304 2009; x_wconf 87' lang='lat' dir='ltr'>gravari</span> <span class='ocrx_word' id='word_1_156' title='bbox 318 1934 421 1991; x_wconf 89' lang='lat' dir='ltr'>militia</span> <span class='ocrx_word' id='word_1_157' title='bbox 436 1944 573 2005; x_wconf 89' lang='lat' dir='ltr'>senserat,</span> <span class='ocrx_word' id='word_1_158' title='bbox 588 1933 767 2012; x_wconf 82' lang='lat' dir='ltr'>Carpetanos</span> <span class='ocrx_word' id='word_1_159' title='bbox 779 1953 895 2012; x_wconf 91' lang='lat' dir='ltr'>quoque</span> <span class='ocrx_word' id='word_1_160' title='bbox 910 1935 948 1991; x_wconf 89' lang='lat' dir='ltr'>ab</span> <span class='ocrx_word' id='word_1_161' title='bbox 961 1954 993 1993; x_wconf 87' lang='lat' dir='ltr'>se</span> <span class='ocrx_word' id='word_1_162' title='bbox 1004 1935 1136 1995; x_wconf 91' lang='lat' dir='ltr'>dimissos</span> <span class='ocrx_word' id='word_1_163' title='bbox 1145 1943 1185 1998; x_wconf 84' lang='lat'>20</span> 
     </span>
     <span class='ocr_line' id='line_1_22' title="bbox 184 2013 1136 2092; baseline 0.006 -25"><span class='ocrx_word' id='word_1_164' title='bbox 184 2013 339 2072; x_wconf 87' lang='lat' dir='ltr'>simulans.</span> <span class='ocrx_word' id='word_1_165' title='bbox 391 2013 503 2073; x_wconf 84' lang='lat' dir='ltr'><strong>XXIV.</strong></span> <span class='ocrx_word' id='word_1_166' title='bbox 534 2013 613 2084; x_wconf 90' lang='lat' dir='ltr'>Inde,</span> <span class='ocrx_word' id='word_1_167' title='bbox 638 2032 777 2072; x_wconf 89' lang='lat' dir='ltr'>nemora</span> <span class='ocrx_word' id='word_1_168' title='bbox 802 2024 888 2092; x_wconf 89' lang='lat' dir='ltr'>atque</span> <span class='ocrx_word' id='word_1_169' title='bbox 910 2015 1001 2071; x_wconf 92' lang='lat' dir='ltr'>otium</span> <span class='ocrx_word' id='word_1_170' title='bbox 1025 2016 1136 2073; x_wconf 91' lang='lat' dir='ltr'>animos</span> 
     </span>
     <span class='ocr_line' id='line_1_23' title="bbox 184 2091 1136 2173; baseline 0.003 -24"><span class='ocrx_word' id='word_1_171' title='bbox 184 2091 362 2163; x_wconf 90' lang='lat' dir='ltr'>sollicitaret,</span> <span class='ocrx_word' id='word_1_172' title='bbox 385 2112 454 2151; x_wconf 92' lang='lat' dir='ltr'>cum</span> <span class='ocrx_word' id='word_1_173' title='bbox 473 2093 594 2169; x_wconf 87' lang='lat' dir='ltr'>reliquis</span> <span class='ocrx_word' id='word_1_174' title='bbox 617 2095 707 2171; x_wconf 91' lang='lat' dir='ltr'>copiis</span> <span class='ocrx_word' id='word_1_175' title='bbox 728 2093 904 2170; x_wconf 72' lang='lat' dir='ltr'>Pyrenaeum</span> <span class='ocrx_word' id='word_1_176' title='bbox 924 2094 1136 2173; x_wconf 87' lang='lat' dir='ltr'>transgreditur</span> 
     </span>
     <span class='ocr_line' id='line_1_24' title="bbox 184 2172 1135 2252; baseline 0.004 -25"><span class='ocrx_word' id='word_1_177' title='bbox 184 2181 214 2228; x_wconf 88' lang='lat' dir='ltr'>et</span> <span class='ocrx_word' id='word_1_178' title='bbox 237 2172 273 2229; x_wconf 92' lang='lat' dir='ltr'>ad</span> <span class='ocrx_word' id='word_1_179' title='bbox 292 2172 427 2249; x_wconf 91' lang='lat' dir='ltr'>oppidum</span> <span class='ocrx_word' id='word_1_180' title='bbox 452 2173 566 2231; x_wconf 89' lang='lat' dir='ltr'>Iliberri</span> <span class='ocrx_word' id='word_1_181' title='bbox 587 2184 684 2231; x_wconf 89' lang='lat' dir='ltr'>castra</span> <span class='ocrx_word' id='word_1_182' title='bbox 708 2173 794 2232; x_wconf 88' lang='lat' dir='ltr'>locat.</span> <span class='ocrx_word' id='word_1_183' title='bbox 852 2174 932 2233; x_wconf 89' lang='lat' dir='ltr'>Galli</span> <span class='ocrx_word' id='word_1_184' title='bbox 956 2192 1135 2252; x_wconf 89' lang='lat' dir='ltr'>quamquam</span> 
     </span>
     <span class='ocr_line' id='line_1_25' title="bbox 184 2248 1135 2330; baseline 0.006 -22"><span class='ocrx_word' id='word_1_185' title='bbox 184 2248 279 2309; x_wconf 81' lang='lat' dir='ltr'>Italiae</span> <span class='ocrx_word' id='word_1_186' title='bbox 301 2253 410 2310; x_wconf 88' lang='lat' dir='ltr'>bellum</span> <span class='ocrx_word' id='word_1_187' title='bbox 432 2252 534 2311; x_wconf 86' lang='lat' dir='ltr'>inferri</span> <span class='ocrx_word' id='word_1_188' title='bbox 552 2253 716 2324; x_wconf 88' lang='lat' dir='ltr'>audiebant,</span> <span class='ocrx_word' id='word_1_189' title='bbox 738 2263 844 2324; x_wconf 88' lang='lat' dir='ltr'>tumen,</span> <span class='ocrx_word' id='word_1_190' title='bbox 858 2255 929 2330; x_wconf 88' lang='lat' dir='ltr'>quia</span> <span class='ocrx_word' id='word_1_191' title='bbox 948 2255 978 2311; x_wconf 88' lang='lat' dir='ltr'>vi</span> <span class='ocrx_word' id='word_1_192' title='bbox 999 2254 1135 2314; x_wconf 87' lang='lat' dir='ltr'>subactos</span> 
     </span>
     <span class='ocr_line' id='line_1_26' title="bbox 183 2330 1292 2412; baseline 0.009 -24"><span class='ocrx_word' id='word_1_193' title='bbox 183 2332 269 2389; x_wconf 89' lang='lat' dir='ltr'>trans</span> <span class='ocrx_word' id='word_1_194' title='bbox 287 2330 461 2409; x_wconf 77' lang='lat' dir='ltr'>Pyrenaeum</span> <span class='ocrx_word' id='word_1_195' title='bbox 483 2332 628 2409; x_wconf 90' lang='lat' dir='ltr'>Hispanos</span> <span class='ocrx_word' id='word_1_196' title='bbox 648 2332 727 2391; x_wconf 85' lang='lat' dir='ltr'>fama</span> <span class='ocrx_word' id='word_1_197' title='bbox 747 2344 810 2392; x_wconf 88' lang='lat' dir='ltr'>erat</span> <span class='ocrx_word' id='word_1_198' title='bbox 829 2334 1019 2412; x_wconf 74' lang='lat' dir='ltr'>praesidiaque</span> <span class='ocrx_word' id='word_1_199' title='bbox 1037 2334 1184 2397; x_wconf 83' lang='lat' dir='ltr'>valida25</span> <span class='ocrx_word' id='word_1_200' title='bbox 1283 2340 1292 2357; x_wconf 74' lang='lat'>¹</span> 
     </span>
     <span class='ocr_line' id='line_1_27' title="bbox 183 2410 1133 2487; baseline 0.005 -21"><span class='ocrx_word' id='word_1_201' title='bbox 183 2410 327 2487; x_wconf 88' lang='lat' dir='ltr'>imposita,</span> <span class='ocrx_word' id='word_1_202' title='bbox 337 2421 416 2471; x_wconf 89' lang='lat' dir='ltr'>metu</span> <span class='ocrx_word' id='word_1_203' title='bbox 431 2414 577 2471; x_wconf 89' lang='lat' dir='ltr'>servitutis</span> <span class='ocrx_word' id='word_1_204' title='bbox 592 2412 626 2470; x_wconf 90' lang='lat' dir='ltr'>ad</span> <span class='ocrx_word' id='word_1_205' title='bbox 643 2432 725 2470; x_wconf 92' lang='lat' dir='ltr'>arma</span> <span class='ocrx_word' id='word_1_206' title='bbox 738 2414 922 2483; x_wconf 86' lang='lat' dir='ltr'>consternati,</span> <span class='ocrx_word' id='word_1_207' title='bbox 935 2412 1133 2472; x_wconf 87' lang='lat' dir='ltr'>Ruscinonem</span> 
     </span>
     <span class='ocr_line' id='line_1_28' title="bbox 184 2490 1134 2570; baseline 0.003 -23"><span class='ocrx_word' id='word_1_208' title='bbox 184 2490 295 2568; x_wconf 84' lang='lat' dir='ltr'>aliquot</span> <span class='ocrx_word' id='word_1_209' title='bbox 306 2493 404 2570; x_wconf 92' lang='lat' dir='ltr'>populi</span> <span class='ocrx_word' id='word_1_210' title='bbox 418 2494 604 2551; x_wconf 90' lang='lat' dir='ltr'>conveniunt.</span> <span class='ocrx_word' id='word_1_211' title='bbox 627 2492 716 2558; x_wconf 84' lang='lat' dir='ltr'>Quod</span> <span class='ocrx_word' id='word_1_212' title='bbox 729 2494 780 2549; x_wconf 92' lang='lat' dir='ltr'>ubi</span> <span class='ocrx_word' id='word_1_213' title='bbox 794 2492 954 2550; x_wconf 90' lang='lat' dir='ltr'>Hannibali</span> <span class='ocrx_word' id='word_1_214' title='bbox 969 2494 1134 2550; x_wconf 88' lang='lat' dir='ltr'>nuntiatum</span> 
     </span>
     <span class='ocr_line' id='line_1_29' title="bbox 183 2570 1134 2649; baseline 0.002 -22"><span class='ocrx_word' id='word_1_215' title='bbox 183 2580 237 2642; x_wconf 91' lang='lat' dir='ltr'>est,</span> <span class='ocrx_word' id='word_1_216' title='bbox 267 2590 378 2631; x_wconf 92' lang='lat' dir='ltr'>moram</span> <span class='ocrx_word' id='word_1_217' title='bbox 405 2573 499 2649; x_wconf 85' lang='lat' dir='ltr'>magis</span> <span class='ocrx_word' id='word_1_218' title='bbox 526 2590 615 2649; x_wconf 91' lang='lat' dir='ltr'>quam</span> <span class='ocrx_word' id='word_1_219' title='bbox 643 2570 753 2629; x_wconf 90' lang='lat' dir='ltr'>bellum</span> <span class='ocrx_word' id='word_1_220' title='bbox 776 2581 917 2640; x_wconf 89' lang='lat' dir='ltr'>metuens,</span> <span class='ocrx_word' id='word_1_221' title='bbox 946 2581 1074 2628; x_wconf 90' lang='lat' dir='ltr'>oratores</span> <span class='ocrx_word' id='word_1_222' title='bbox 1097 2570 1134 2629; x_wconf 87' lang='lat' dir='ltr'>ad</span> 
     </span>
     <span class='ocr_line' id='line_1_30' title="bbox 184 2649 1132 2727; baseline 0.003 -22"><span class='ocrx_word' id='word_1_223' title='bbox 184 2650 303 2727; x_wconf 88' lang='lat' dir='ltr'>regulos</span> <span class='ocrx_word' id='word_1_224' title='bbox 316 2670 417 2709; x_wconf 89' lang='lat' dir='ltr'>eorum</span> <span class='ocrx_word' id='word_1_225' title='bbox 431 2652 517 2721; x_wconf 89' lang='lat' dir='ltr'>misit,</span> <span class='ocrx_word' id='word_1_226' title='bbox 533 2651 658 2727; x_wconf 89' lang='lat' dir='ltr'>colloqui</span> <span class='ocrx_word' id='word_1_227' title='bbox 680 2660 772 2707; x_wconf 87' lang='lat' dir='ltr'>semet</span> <span class='ocrx_word' id='word_1_228' title='bbox 792 2650 887 2726; x_wconf 91' lang='lat' dir='ltr'>ipsum</span> <span class='ocrx_word' id='word_1_229' title='bbox 906 2668 975 2707; x_wconf 91' lang='lat' dir='ltr'>cum</span> <span class='ocrx_word' id='word_1_230' title='bbox 996 2649 1033 2705; x_wconf 90' lang='lat' dir='ltr'>iis</span> <span class='ocrx_word' id='word_1_231' title='bbox 1046 2650 1132 2721; x_wconf 88' lang='lat' dir='ltr'>velle,</span> 
     </span>
     <span class='ocr_line' id='line_1_31' title="bbox 184 2728 1184 2809; baseline -0.001 -23"><span class='ocrx_word' id='word_1_232' title='bbox 184 2739 213 2787; x_wconf 91' lang='lat' dir='ltr'>et</span> <span class='ocrx_word' id='word_1_233' title='bbox 224 2729 270 2787; x_wconf 90' lang='lat' dir='ltr'>vel</span> <span class='ocrx_word' id='word_1_234' title='bbox 286 2730 330 2788; x_wconf 92' lang='lat' dir='ltr'>illi</span> <span class='ocrx_word' id='word_1_235' title='bbox 344 2732 460 2809; x_wconf 86' lang='lat' dir='ltr'>propius</span> <span class='ocrx_word' id='word_1_236' title='bbox 473 2730 618 2791; x_wconf 89' lang='lat' dir='ltr'>Iliberrim</span> <span class='ocrx_word' id='word_1_237' title='bbox 633 2728 816 2799; x_wconf 82' lang='lat' dir='ltr'>accederent,</span> <span class='ocrx_word' id='word_1_238' title='bbox 829 2728 875 2786; x_wconf 89' lang='lat' dir='ltr'>vel</span> <span class='ocrx_word' id='word_1_239' title='bbox 889 2748 920 2787; x_wconf 89' lang='lat' dir='ltr'>se</span> <span class='ocrx_word' id='word_1_240' title='bbox 936 2728 1134 2786; x_wconf 77' lang='lat' dir='ltr'>Ruscinonem</span> <span class='ocrx_word' id='word_1_241' title='bbox 1144 2738 1184 2793; x_wconf 76' lang='lat' dir='ltr'>ao</span> 
     </span>
     <span class='ocr_line' id='line_1_32' title="bbox 183 2807 1133 2889; baseline 0 -22"><span class='ocrx_word' id='word_1_242' title='bbox 183 2828 398 2885; x_wconf 88' lang='lat' dir='ltr'>processurum,</span> <span class='ocrx_word' id='word_1_243' title='bbox 414 2820 446 2869; x_wconf 91' lang='lat' dir='ltr'>ut</span> <span class='ocrx_word' id='word_1_244' title='bbox 470 2830 506 2868; x_wconf 87' lang='lat' dir='ltr'>ex</span> <span class='ocrx_word' id='word_1_245' title='bbox 527 2812 686 2889; x_wconf 88' lang='lat' dir='ltr'>propinquo</span> <span class='ocrx_word' id='word_1_246' title='bbox 707 2828 882 2887; x_wconf 88' lang='lat' dir='ltr'>congressus</span> <span class='ocrx_word' id='word_1_247' title='bbox 906 2807 1019 2866; x_wconf 88' lang='lat' dir='ltr'>facilior</span> <span class='ocrx_word' id='word_1_248' title='bbox 1041 2818 1133 2867; x_wconf 76' lang='lat' dir='ltr'>essetr</span> 
     </span>
     <span class='ocr_line' id='line_1_33' title="bbox 184 2890 1133 2968; baseline 0.001 -22"><span class='ocrx_word' id='word_1_249' title='bbox 184 2908 254 2947; x_wconf 91' lang='lat' dir='ltr'>nam</span> <span class='ocrx_word' id='word_1_250' title='bbox 272 2899 301 2947; x_wconf 90' lang='lat' dir='ltr'>et</span> <span class='ocrx_word' id='word_1_251' title='bbox 316 2901 506 2968; x_wconf 89' lang='lat' dir='ltr'>accepturum</span> <span class='ocrx_word' id='word_1_252' title='bbox 520 2910 569 2950; x_wconf 90' lang='lat' dir='ltr'>ecs</span> <span class='ocrx_word' id='word_1_253' title='bbox 591 2892 622 2947; x_wconf 91' lang='lat' dir='ltr'>in</span> <span class='ocrx_word' id='word_1_254' title='bbox 636 2899 733 2964; x_wconf 84' lang='lat' dir='ltr'>castra</span> <span class='ocrx_word' id='word_1_255' title='bbox 747 2908 801 2949; x_wconf 87' lang='lat' dir='ltr'>sua</span> <span class='ocrx_word' id='word_1_256' title='bbox 815 2909 847 2947; x_wconf 91' lang='lat' dir='ltr'>se</span> <span class='ocrx_word' id='word_1_257' title='bbox 864 2890 972 2960; x_wconf 87' lang='lat' dir='ltr'>laetum,</span> <span class='ocrx_word' id='word_1_258' title='bbox 987 2907 1043 2947; x_wconf 89' lang='lat' dir='ltr'>nec</span> <span class='ocrx_word' id='word_1_259' title='bbox 1062 2907 1133 2947; x_wconf 90' lang='lat' dir='ltr'>cun-</span> 
     </span>
     <span class='ocr_line' id='line_1_34' title="bbox 187 2969 1134 3049; baseline 0.003 -24"><span class='ocrx_word' id='word_1_260' title='bbox 187 2977 303 3027; x_wconf 89' lang='lat' dir='ltr'>ctanter</span> <span class='ocrx_word' id='word_1_261' title='bbox 324 2988 355 3027; x_wconf 88' lang='lat' dir='ltr'>se</span> <span class='ocrx_word' id='word_1_262' title='bbox 380 2972 475 3049; x_wconf 91' lang='lat' dir='ltr'>ipsum</span> <span class='ocrx_word' id='word_1_263' title='bbox 500 2970 536 3029; x_wconf 92' lang='lat' dir='ltr'>ad</span> <span class='ocrx_word' id='word_1_264' title='bbox 558 2990 607 3028; x_wconf 87' lang='lat' dir='ltr'>eos</span> <span class='ocrx_word' id='word_1_265' title='bbox 630 2978 805 3027; x_wconf 85' lang='lat' dir='ltr'>venturum:</span> <span class='ocrx_word' id='word_1_266' title='bbox 836 2970 977 3047; x_wconf 87' lang='lat' dir='ltr'>hospitem</span> <span class='ocrx_word' id='word_1_267' title='bbox 997 2969 1075 3027; x_wconf 92' lang='lat' dir='ltr'>enim</span> <span class='ocrx_word' id='word_1_268' title='bbox 1103 2989 1134 3028; x_wconf 91' lang='lat' dir='ltr'>se</span> 
     </span>
     <span class='ocr_line' id='line_1_35' title="bbox 184 3046 1133 3126; baseline 0.001 -21"><span class='ocrx_word' id='word_1_269' title='bbox 184 3046 301 3120; x_wconf 80' lang='lat' dir='ltr'>Galliac,</span> <span class='ocrx_word' id='word_1_270' title='bbox 312 3067 370 3107; x_wconf 92' lang='lat' dir='ltr'>non</span> <span class='ocrx_word' id='word_1_271' title='bbox 379 3050 489 3108; x_wconf 90' lang='lat' dir='ltr'>bostem</span> <span class='ocrx_word' id='word_1_272' title='bbox 498 3050 658 3121; x_wconf 88' lang='lat' dir='ltr'>advenisse,</span> <span class='ocrx_word' id='word_1_273' title='bbox 669 3068 724 3107; x_wconf 88' lang='lat' dir='ltr'>nec</span> <span class='ocrx_word' id='word_1_274' title='bbox 738 3050 908 3109; x_wconf 90' lang='lat' dir='ltr'>stricturum</span> <span class='ocrx_word' id='word_1_275' title='bbox 918 3060 983 3107; x_wconf 86' lang='lat' dir='ltr'>anta</span> <span class='ocrx_word' id='word_1_276' title='bbox 992 3049 1133 3126; x_wconf 89' lang='lat' dir='ltr'>gladium,</span> 
     </span>
     <span class='ocr_line' id='line_1_36' title="bbox 185 3127 1182 3207; baseline 0.006 -22"><span class='ocrx_word' id='word_1_277' title='bbox 185 3128 210 3185; x_wconf 91' lang='lat' dir='ltr'>si</span> <span class='ocrx_word' id='word_1_278' title='bbox 233 3146 287 3204; x_wconf 88' lang='lat' dir='ltr'>per</span> <span class='ocrx_word' id='word_1_279' title='bbox 312 3127 413 3187; x_wconf 91' lang='lat' dir='ltr'>Gallos</span> <span class='ocrx_word' id='word_1_280' title='bbox 435 3130 531 3200; x_wconf 92' lang='lat' dir='ltr'>liceat,</span> <span class='ocrx_word' id='word_1_281' title='bbox 547 3149 635 3207; x_wconf 91' lang='lat' dir='ltr'>quam</span> <span class='ocrx_word' id='word_1_282' title='bbox 659 3130 690 3186; x_wconf 91' lang='lat' dir='ltr'>in</span> <span class='ocrx_word' id='word_1_283' title='bbox 715 3127 829 3187; x_wconf 91' lang='lat' dir='ltr'>Italiam</span> <span class='ocrx_word' id='word_1_284' title='bbox 843 3130 979 3187; x_wconf 88' lang='lat' dir='ltr'>venisset.</span> <span class='ocrx_word' id='word_1_285' title='bbox 998 3186 1005 3192; x_wconf 77' lang='grc'>,</span> <span class='ocrx_word' id='word_1_286' title='bbox 1022 3127 1062 3187; x_wconf 88' lang='lat' dir='ltr'>Et</span> <span class='ocrx_word' id='word_1_287' title='bbox 1083 3148 1135 3206; x_wconf 91' lang='lat' dir='ltr'>per</span> <span class='ocrx_word' id='word_1_288' title='bbox 1144 3136 1182 3191; x_wconf 79' lang='grc'>35</span> 
     </span>
     <span class='ocr_line' id='line_1_37' title="bbox 185 3209 1134 3287; baseline 0.004 -24"><span class='ocrx_word' id='word_1_289' title='bbox 185 3209 301 3267; x_wconf 87' lang='lat' dir='ltr'>nuntios</span> <span class='ocrx_word' id='word_1_290' title='bbox 325 3209 442 3286; x_wconf 90' lang='lat' dir='ltr'>quidem</span> <span class='ocrx_word' id='word_1_291' title='bbox 467 3210 540 3267; x_wconf 87' lang='lat' dir='ltr'>baec.</span> <span class='ocrx_word' id='word_1_292' title='bbox 584 3209 624 3268; x_wconf 94' lang='lat' dir='ltr'>Ut</span> <span class='ocrx_word' id='word_1_293' title='bbox 640 3228 710 3267; x_wconf 88' lang='lat' dir='ltr'>vero</span> <span class='ocrx_word' id='word_1_294' title='bbox 724 3210 820 3287; x_wconf 88' lang='lat' dir='ltr'>reguli</span> <span class='ocrx_word' id='word_1_295' title='bbox 845 3209 1009 3278; x_wconf 90' lang='lat' dir='ltr'>Gallorum,</span> <span class='ocrx_word' id='word_1_296' title='bbox 1031 3210 1134 3267; x_wconf 88' lang='lat' dir='ltr'>castris</span> 
     </span>
     <span class='ocr_line' id='line_1_38' title="bbox 186 3284 1134 3366; baseline 0 -22"><span class='ocrx_word' id='word_1_297' title='bbox 186 3286 222 3344; x_wconf 91' lang='lat' dir='ltr'>ad</span> <span class='ocrx_word' id='word_1_298' title='bbox 242 3284 388 3347; x_wconf 91' lang='lat' dir='ltr'>Iliberrim</span> <span class='ocrx_word' id='word_1_299' title='bbox 405 3288 550 3366; x_wconf 83' lang='lat' dir='ltr'>extemplo</span> <span class='ocrx_word' id='word_1_300' title='bbox 563 3290 655 3360; x_wconf 91' lang='lat' dir='ltr'>motis,</span> <span class='ocrx_word' id='word_1_301' title='bbox 676 3289 755 3346; x_wconf 92' lang='lat' dir='ltr'>haud</span> <span class='ocrx_word' id='word_1_302' title='bbox 775 3298 932 3366; x_wconf 87' lang='lat' dir='ltr'>gravanter</span> <span class='ocrx_word' id='word_1_303' title='bbox 950 3287 987 3343; x_wconf 91' lang='lat' dir='ltr'>ad</span> <span class='ocrx_word' id='word_1_304' title='bbox 1009 3287 1134 3345; x_wconf 89' lang='lat' dir='ltr'>Poenum</span> 
     </span>
     <span class='ocr_line' id='line_1_39' title="bbox 187 3366 1134 3445; baseline 0.002 -22"><span class='ocrx_word' id='word_1_305' title='bbox 187 3382 338 3440; x_wconf 85' lang='lat' dir='ltr'>venerum,</span> <span class='ocrx_word' id='word_1_306' title='bbox 353 3370 432 3445; x_wconf 88' lang='lat' dir='ltr'>capti</span> <span class='ocrx_word' id='word_1_307' title='bbox 453 3368 534 3428; x_wconf 92' lang='lat' dir='ltr'>donis</span> <span class='ocrx_word' id='word_1_308' title='bbox 547 3388 616 3427; x_wconf 88' lang='lat' dir='ltr'>cum</span> <span class='ocrx_word' id='word_1_309' title='bbox 635 3370 711 3427; x_wconf 87' lang='lat' dir='ltr'>bona</span> <span class='ocrx_word' id='word_1_310' title='bbox 733 3388 804 3445; x_wconf 89' lang='lat' dir='ltr'>pace</span> <span class='ocrx_word' id='word_1_311' title='bbox 818 3368 981 3425; x_wconf 86' lang='lat' dir='ltr'>exercitum</span> <span class='ocrx_word' id='word_1_312' title='bbox 995 3384 1046 3443; x_wconf 93' lang='lat' dir='ltr'>per</span> <span class='ocrx_word' id='word_1_313' title='bbox 1060 3366 1134 3425; x_wconf 91' lang='lat' dir='ltr'>fines</span> 
     </span>
    </p>

    <p class='ocr_par' dir='ltr' id='par_1_4' title="bbox 186 3447 982 3527">
     <span class='ocr_line' id='line_1_40' title="bbox 186 3447 982 3527; baseline -0.003 -24"><span class='ocrx_word' id='word_1_314' title='bbox 186 3462 252 3505; x_wconf 91' lang='lat' dir='ltr'>suos</span> <span class='ocrx_word' id='word_1_315' title='bbox 287 3458 373 3507; x_wconf 80' lang='lat' dir='ltr'>raeter</span> <span class='ocrx_word' id='word_1_316' title='bbox 388 3448 585 3507; x_wconf 90' lang='lat' dir='ltr'>Ruscinonem</span> <span class='ocrx_word' id='word_1_317' title='bbox 599 3448 736 3527; x_wconf 91' lang='lat' dir='ltr'>oppidum</span> <span class='ocrx_word' id='word_1_318' title='bbox 750 3447 982 3506; x_wconf 89' lang='lat' dir='ltr'>transmiserunt.</span> 
     </span>
    </p>

    <p class='ocr_par' dir='ltr' id='par_1_5' title="bbox 187 3467 1182 3821">
     <span class='ocr_line' id='line_1_41' title="bbox 226 3467 1182 3602; baseline -0.006 -14"><span class='ocrx_word' id='word_1_319' title='bbox 226 3467 324 3588; x_wconf 76' lang='lat' dir='ltr'><strong>XXV.</strong></span> <span class='ocrx_word' id='word_1_320' title='bbox 358 3527 392 3586; x_wconf 92' lang='lat' dir='ltr'>In</span> <span class='ocrx_word' id='word_1_321' title='bbox 417 3528 530 3588; x_wconf 90' lang='lat' dir='ltr'>Italiam</span> <span class='ocrx_word' id='word_1_322' title='bbox 551 3530 670 3587; x_wconf 81' lang='lat' dir='ltr'>&#39;interim</span> <span class='ocrx_word' id='word_1_323' title='bbox 695 3527 767 3584; x_wconf 93' lang='lat' dir='ltr'>nihil</span> <span class='ocrx_word' id='word_1_324' title='bbox 793 3526 878 3595; x_wconf 92' lang='lat' dir='ltr'>ultra,</span> <span class='ocrx_word' id='word_1_325' title='bbox 900 3544 989 3602; x_wconf 90' lang='lat' dir='ltr'>quam</span> <span class='ocrx_word' id='word_1_326' title='bbox 1014 3523 1133 3582; x_wconf 91' lang='lat' dir='ltr'>Iberum</span> <span class='ocrx_word' id='word_1_327' title='bbox 1143 3532 1182 3589; x_wconf 81' lang='grc'>40</span> 
     </span>
     <span class='ocr_line' id='line_1_42' title="bbox 188 3604 1134 3681; baseline -0.001 -18"><span class='ocrx_word' id='word_1_328' title='bbox 188 3608 323 3665; x_wconf 87' lang='lat' dir='ltr'>transisse</span> <span class='ocrx_word' id='word_1_329' title='bbox 353 3608 549 3667; x_wconf 89' lang='lat' dir='ltr'>Hannibalem</span> <span class='ocrx_word' id='word_1_330' title='bbox 577 3629 594 3667; x_wconf 91' lang='lat' dir='ltr'>a</span> <span class='ocrx_word' id='word_1_331' title='bbox 623 3607 850 3665; x_wconf 89' lang='lat' dir='ltr'>Massiliensium</span> <span class='ocrx_word' id='word_1_332' title='bbox 878 3605 982 3681; x_wconf 87' lang='lat' dir='ltr'>legatis</span> <span class='ocrx_word' id='word_1_333' title='bbox 1009 3604 1134 3662; x_wconf 89' lang='lat' dir='ltr'>Romam</span> 
     </span>
     <span class='ocr_line' id='line_1_43' title="bbox 187 3684 1133 3821; baseline -0.002 -78"><span class='ocrx_word' id='word_1_334' title='bbox 187 3687 331 3821; x_wconf 54' lang='lat' dir='ltr'>Berlatnm</span> <span class='ocrx_word' id='word_1_335' title='bbox 356 3699 426 3760; x_wconf 88' lang='lat' dir='ltr'>erat,</span> <span class='ocrx_word' id='word_1_336' title='bbox 452 3708 530 3758; x_wconf 89' lang='lat' dir='ltr'>cnm,</span> <span class='ocrx_word' id='word_1_337' title='bbox 550 3687 668 3765; x_wconf 90' lang='lat' dir='ltr'>perinde</span> <span class='ocrx_word' id='word_1_338' title='bbox 690 3706 726 3744; x_wconf 90' lang='lat' dir='ltr'>ac</span> <span class='ocrx_word' id='word_1_339' title='bbox 746 3686 771 3743; x_wconf 92' lang='lat' dir='ltr'>si</span> <span class='ocrx_word' id='word_1_340' title='bbox 785 3685 878 3762; x_wconf 85' lang='lat' dir='ltr'>Alpes</span> <span class='ocrx_word' id='word_1_341' title='bbox 896 3685 958 3762; x_wconf 88' lang='lat' dir='ltr'>jam</span> <span class='ocrx_word' id='word_1_342' title='bbox 975 3684 1133 3757; x_wconf 89' lang='lat' dir='ltr'>transisset,</span> 
     </span>
    </p>
   </div>
   <div class='ocr_carea' id='block_1_3' title="bbox 186 3764 1134 3927">
    <p class='ocr_par' dir='ltr' id='par_1_6' title="bbox 186 3764 1134 3927">
     <span class='ocr_line' id='line_1_44' title="bbox 211 3764 1134 3835; baseline 0 -10"><span class='ocrx_word' id='word_1_343' title='bbox 211 3767 250 3825; x_wconf 86' lang='lat' dir='ltr'>ori</span> <span class='ocrx_word' id='word_1_344' title='bbox 264 3766 426 3827; x_wconf 86' lang='lat' dir='ltr'>sollicitatis</span> <span class='ocrx_word' id='word_1_345' title='bbox 446 3768 617 3827; x_wconf 89' lang='lat' dir='ltr'>Insubribus</span> <span class='ocrx_word' id='word_1_346' title='bbox 630 3764 809 3835; x_wconf 88' lang='lat' dir='ltr'>defecerunt,</span> <span class='ocrx_word' id='word_1_347' title='bbox 824 3784 879 3824; x_wconf 93' lang='lat' dir='ltr'>nec</span> <span class='ocrx_word' id='word_1_348' title='bbox 897 3775 957 3823; x_wconf 91' lang='lat' dir='ltr'>tam</span> <span class='ocrx_word' id='word_1_349' title='bbox 971 3764 1007 3823; x_wconf 96' lang='lat' dir='ltr'>ob</span> <span class='ocrx_word' id='word_1_350' title='bbox 1021 3772 1134 3825; x_wconf 85' lang='lat' dir='ltr'>veteres</span> 
     </span>
     <span class='ocr_line' id='line_1_45' title="bbox 186 3844 1133 3927; baseline -0.004 -20"><span class='ocrx_word' id='word_1_351' title='bbox 186 3850 216 3907; x_wconf 82' lang='lat' dir='ltr'>In</span> <span class='ocrx_word' id='word_1_352' title='bbox 230 3847 371 3924; x_wconf 88' lang='lat' dir='ltr'>populum</span> <span class='ocrx_word' id='word_1_353' title='bbox 386 3847 550 3908; x_wconf 88' lang='lat' dir='ltr'>Romanum</span> <span class='ocrx_word' id='word_1_354' title='bbox 564 3848 624 3907; x_wconf 91' lang='lat' dir='ltr'>iras</span> <span class='ocrx_word' id='word_1_355' title='bbox 631 3865 721 3925; x_wconf 89' lang='lat' dir='ltr'>quam</span> <span class='ocrx_word' id='word_1_356' title='bbox 729 3846 805 3927; x_wconf 91' lang='lat' dir='ltr'>quod</span> <span class='ocrx_word' id='word_1_357' title='bbox 819 3864 914 3924; x_wconf 89' lang='lat' dir='ltr'>nuper</span> <span class='ocrx_word' id='word_1_358' title='bbox 928 3846 1008 3904; x_wconf 88' lang='lat' dir='ltr'>circa</span> <span class='ocrx_word' id='word_1_359' title='bbox 1022 3844 1133 3903; x_wconf 89' lang='lat' dir='ltr'>Padum</span> 
     </span>
    </p>
   </div>
   <div class='ocr_carea' id='block_1_4' title="bbox 0 0 1364 4292">
    <p class='ocr_par' dir='ltr' id='par_1_7' title="bbox 0 0 1364 4292">
     <span class='ocr_line' id='line_1_46' title="bbox 0 0 1364 4292; baseline 0 1"><span class='ocrx_word' id='word_1_360' title='bbox 0 0 1364 4292; x_wconf 95' lang='lat' dir='ltr'> </span> 
     </span>
    </p>
   </div>
  </div>
 </body>
</html>
