<?xml version="1.0" encoding="UTF-8"?>
<!DOCTYPE html PUBLIC "-//W3C//DTD XHTML 1.0 Transitional//EN"
    "http://www.w3.org/TR/xhtml1/DTD/xhtml1-transitional.dtd">
<html xmlns="http://www.w3.org/1999/xhtml" xml:lang="en" lang="en">
 <head>
  <title>
</title>
<meta http-equiv="Content-Type" content="text/html;charset=utf-8" />
  <meta name='ocr-system' content='tesseract 3.04.00' />
  <meta name='ocr-capabilities' content='ocr_page ocr_carea ocr_par ocr_line ocrx_word'/>
</head>
<body>
  <div class='ocr_page' id='page_1' title='image "./selectionsfromf01alscgoog_0200.png"; bbox 0 0 2717 4292; ppageno 0'>
   <div class='ocr_carea' id='block_1_1' title="bbox 182 371 757 432">
    <p class='ocr_par' dir='ltr' id='par_1_1' title="bbox 182 371 757 432">
     <span class='ocr_line' id='line_1_1' title="bbox 182 371 757 432; baseline 0.005 -12"><span class='ocrx_word' id='word_1_1' title='bbox 182 371 238 432; x_wconf 82' lang='lat'>182</span> <span class='ocrx_word' id='word_1_2' title='bbox 602 378 662 421; x_wconf 77' lang='lat' dir='ltr'>&#39;rm</span> <span class='ocrx_word' id='word_1_3' title='bbox 683 379 757 423; x_wconf 80' lang='lat' dir='ltr'>mvn</span> 
     </span>
    </p>
   </div>
   <div class='ocr_carea' id='block_1_2' title="bbox 182 505 1176 1699">
    <p class='ocr_par' dir='ltr' id='par_1_2' title="bbox 182 505 1176 1699">
     <span class='ocr_line' id='line_1_2' title="bbox 226 505 1176 590; baseline -0.003 -19"><span class='ocrx_word' id='word_1_4' title='bbox 226 513 295 571; x_wconf 84' lang='lat' dir='ltr'>nioa</span> <span class='ocrx_word' id='word_1_5' title='bbox 308 521 437 590; x_wconf 85' lang='lat' dir='ltr'>eoeptum</span> <span class='ocrx_word' id='word_1_6' title='bbox 458 509 572 569; x_wconf 80' lang='lat' dir='ltr'>fraude.</span> <span class='ocrx_word' id='word_1_7' title='bbox 613 511 776 589; x_wconf 82' lang='lat' dir='ltr'>Quingenti</span> <span class='ocrx_word' id='word_1_8' title='bbox 798 507 886 568; x_wconf 83' lang='lat' dir='ltr'>ferma</span> <span class='ocrx_word' id='word_1_9' title='bbox 902 505 1051 580; x_wconf 77' lang='lat' dir='ltr'>Numidae,</span> <span class='ocrx_word' id='word_1_10' title='bbox 1066 513 1176 588; x_wconf 75' lang='lat' dir='ltr'>preter</span> 
     </span>
     <span class='ocr_line' id='line_1_3' title="bbox 227 589 1173 667; baseline -0.004 -16"><span class='ocrx_word' id='word_1_11' title='bbox 227 603 326 651; x_wconf 81' lang='lat' dir='ltr'>cetera</span> <span class='ocrx_word' id='word_1_12' title='bbox 340 611 423 649; x_wconf 88' lang='lat' dir='ltr'>arma</span> <span class='ocrx_word' id='word_1_13' title='bbox 439 591 557 667; x_wconf 88' lang='lat' dir='ltr'>telaque</span> <span class='ocrx_word' id='word_1_14' title='bbox 571 591 684 667; x_wconf 75' lang='lat' dir='ltr'>gladios</span> <span class='ocrx_word' id='word_1_15' title='bbox 697 591 826 648; x_wconf 82' lang='lat' dir='ltr'>occultos</span> <span class='ocrx_word' id='word_1_16' title='bbox 840 590 894 647; x_wconf 92' lang='lat' dir='ltr'>sub</span> <span class='ocrx_word' id='word_1_17' title='bbox 909 589 1008 648; x_wconf 80' lang='lat' dir='ltr'>loricis</span> <span class='ocrx_word' id='word_1_18' title='bbox 1022 589 1173 661; x_wconf 84' lang='lat' dir='ltr'>habentes,</span> 
     </span>
     <span class='ocr_line' id='line_1_4' title="bbox 227 669 1174 748; baseline -0.001 -19"><span class='ocrx_word' id='word_1_19' title='bbox 227 672 325 748; x_wconf 84' lang='lat' dir='ltr'>speeie</span> <span class='ocrx_word' id='word_1_20' title='bbox 352 669 572 748; x_wconf 81' lang='lat' dir='ltr'><strong>transfugarum</strong></span> <span class='ocrx_word' id='word_1_21' title='bbox 603 689 672 727; x_wconf 91' lang='lat' dir='ltr'>oum</span> <span class='ocrx_word' id='word_1_22' title='bbox 701 669 737 726; x_wconf 87' lang='lat' dir='ltr'>ab</span> <span class='ocrx_word' id='word_1_23' title='bbox 764 671 835 740; x_wconf 86' lang='lat' dir='ltr'>suls,</span> <span class='ocrx_word' id='word_1_24' title='bbox 858 686 975 745; x_wconf 88' lang='lat' dir='ltr'>parmas</span> <span class='ocrx_word' id='word_1_25' title='bbox 1003 679 1066 746; x_wconf 90' lang='lat' dir='ltr'>post</span> <span class='ocrx_word' id='word_1_26' title='bbox 1090 678 1174 748; x_wconf 85' lang='lat' dir='ltr'>terga</span> 
     </span>
     <span class='ocr_line' id='line_1_5' title="bbox 227 746 1173 826; baseline -0.004 -17"><span class='ocrx_word' id='word_1_27' title='bbox 227 751 375 820; x_wconf 82' lang='lat' dir='ltr'>habentes,</span> <span class='ocrx_word' id='word_1_28' title='bbox 397 748 621 825; x_wconf 80' lang='lat' dir='ltr'>adequitassent,</span> <span class='ocrx_word' id='word_1_29' title='bbox 641 758 759 826; x_wconf 89' lang='lat' dir='ltr'>repente</span> <span class='ocrx_word' id='word_1_30' title='bbox 781 767 818 806; x_wconf 80' lang='lat' dir='ltr'>ex</span> <span class='ocrx_word' id='word_1_31' title='bbox 839 749 923 824; x_wconf 88' lang='lat' dir='ltr'>equis</span> <span class='ocrx_word' id='word_1_32' title='bbox 943 746 1091 818; x_wconf 88' lang='lat' dir='ltr'>desiliunt,</span> <span class='ocrx_word' id='word_1_33' title='bbox 1107 767 1173 824; x_wconf 86' lang='lat' dir='ltr'>per-</span> 
     </span>
     <span class='ocr_line' id='line_1_6' title="bbox 198 827 1174 906; baseline -0.002 -18"><span class='ocrx_word' id='word_1_34' title='bbox 198 830 342 906; x_wconf 76' lang='lat' dir='ltr'>dmisque</span> <span class='ocrx_word' id='word_1_35' title='bbox 357 840 386 887; x_wconf 88' lang='lat' dir='ltr'>et</span> <span class='ocrx_word' id='word_1_36' title='bbox 396 829 505 905; x_wconf 82' lang='lat' dir='ltr'>jaculis</span> <span class='ocrx_word' id='word_1_37' title='bbox 519 838 587 887; x_wconf 85' lang='lat' dir='ltr'>onte</span> <span class='ocrx_word' id='word_1_38' title='bbox 601 828 690 905; x_wconf 88' lang='lat' dir='ltr'>pedes</span> <span class='ocrx_word' id='word_1_39' title='bbox 703 828 829 886; x_wconf 88' lang='lat' dir='ltr'>hostium</span> <span class='ocrx_word' id='word_1_40' title='bbox 843 827 989 905; x_wconf 84' lang='lat' dir='ltr'>projectis,</span> <span class='ocrx_word' id='word_1_41' title='bbox 1000 829 1031 884; x_wconf 95' lang='lat' dir='ltr'>in</span> <span class='ocrx_word' id='word_1_42' title='bbox 1046 827 1174 886; x_wconf 88' lang='lat' dir='ltr'>mediam</span> 
     </span>
     <span class='ocr_line' id='line_1_7' title="bbox 229 907 1174 985; baseline 0 -19"><span class='ocrx_word' id='word_1_43' title='bbox 229 910 324 966; x_wconf 81' lang='lat' dir='ltr'><strong>aciem</strong></span> <span class='ocrx_word' id='word_1_44' title='bbox 347 910 460 985; x_wconf 83' lang='lat' dir='ltr'>accepti</span> <span class='ocrx_word' id='word_1_45' title='bbox 484 908 622 983; x_wconf 85' lang='lat' dir='ltr'>ductique</span> <span class='ocrx_word' id='word_1_46' title='bbox 646 907 682 965; x_wconf 91' lang='lat' dir='ltr'>ad</span> <span class='ocrx_word' id='word_1_47' title='bbox 705 907 822 966; x_wconf 89' lang='lat' dir='ltr'>ultimos</span> <span class='ocrx_word' id='word_1_48' title='bbox 846 907 997 965; x_wconf 87' lang='lat' dir='ltr'>considere</span> <span class='ocrx_word' id='word_1_49' title='bbox 1026 907 1063 964; x_wconf 86' lang='lat' dir='ltr'>ab</span> <span class='ocrx_word' id='word_1_50' title='bbox 1090 916 1174 984; x_wconf 89' lang='lat' dir='ltr'>tergo</span> 
     </span>
     <span class='ocr_line' id='line_1_8' title="bbox 225 987 1172 1066; baseline -0.002 -21"><span class='ocrx_word' id='word_1_51' title='bbox 225 987 376 1066; x_wconf 87' lang='lat' dir='ltr'>jubentur.</span> <span class='ocrx_word' id='word_1_52' title='bbox 418 989 476 1058; x_wconf 83' lang='lat' dir='ltr'>Ao,</span> <span class='ocrx_word' id='word_1_53' title='bbox 490 987 561 1044; x_wconf 90' lang='lat' dir='ltr'>dum</span> <span class='ocrx_word' id='word_1_54' title='bbox 581 988 720 1063; x_wconf 88' lang='lat' dir='ltr'>proelium</span> <span class='ocrx_word' id='word_1_55' title='bbox 741 987 777 1044; x_wconf 88' lang='lat' dir='ltr'>ab</span> <span class='ocrx_word' id='word_1_56' title='bbox 798 987 876 1043; x_wconf 91' lang='lat' dir='ltr'>omni</span> <span class='ocrx_word' id='word_1_57' title='bbox 896 995 978 1062; x_wconf 90' lang='lat' dir='ltr'>parte</span> <span class='ocrx_word' id='word_1_58' title='bbox 999 987 1172 1058; x_wconf 84' lang='lat' dir='ltr'>conseritur,</span> 
     </span>
     <span class='ocr_line' id='line_1_9' title="bbox 227 1065 1174 1144; baseline 0 -20"><span class='ocrx_word' id='word_1_59' title='bbox 227 1069 318 1142; x_wconf 80' lang='lat' dir='ltr'>quieti</span> <span class='ocrx_word' id='word_1_60' title='bbox 339 1077 525 1125; x_wconf 82' lang='lat' dir='ltr'>manserunt:</span> <span class='ocrx_word' id='word_1_61' title='bbox 553 1075 706 1144; x_wconf 86' lang='lat' dir='ltr'>postquam</span> <span class='ocrx_word' id='word_1_62' title='bbox 729 1066 860 1124; x_wconf 89' lang='lat' dir='ltr'>omnium</span> <span class='ocrx_word' id='word_1_63' title='bbox 879 1067 990 1122; x_wconf 82' lang='lat' dir='ltr'>animos</span> <span class='ocrx_word' id='word_1_64' title='bbox 1013 1065 1174 1140; x_wconf 86' lang='lat' dir='ltr'>oculosque</span> 
     </span>
     <span class='ocr_line' id='line_1_10' title="bbox 226 1145 1175 1223; baseline -0.001 -19"><span class='ocrx_word' id='word_1_65' title='bbox 226 1155 423 1223; x_wconf 84' lang='lat' dir='ltr'>occupaverat</span> <span class='ocrx_word' id='word_1_66' title='bbox 442 1155 599 1216; x_wconf 82' lang='lat' dir='ltr'>certamen,</span> <span class='ocrx_word' id='word_1_67' title='bbox 620 1156 693 1215; x_wconf 85' lang='lat' dir='ltr'>tum,</span> <span class='ocrx_word' id='word_1_68' title='bbox 714 1146 836 1222; x_wconf 81' lang='lat' dir='ltr'>arreptis</span> <span class='ocrx_word' id='word_1_69' title='bbox 856 1145 956 1214; x_wconf 84' lang='lat' dir='ltr'>acutis,</span> <span class='ocrx_word' id='word_1_70' title='bbox 977 1163 1044 1220; x_wconf 74' lang='lat' dir='ltr'>quse</span> <span class='ocrx_word' id='word_1_71' title='bbox 1065 1145 1175 1222; x_wconf 88' lang='lat' dir='ltr'>passim</span> 
     </span>
     <span class='ocr_line' id='line_1_11' title="bbox 182 1225 1173 1301; baseline -0.006 -15"><span class='ocrx_word' id='word_1_72' title='bbox 182 1227 218 1287; x_wconf 91' lang='grc'>10</span> <span class='ocrx_word' id='word_1_73' title='bbox 227 1226 303 1282; x_wconf 87' lang='lat' dir='ltr'>inter</span> <span class='ocrx_word' id='word_1_74' title='bbox 317 1243 438 1283; x_wconf 86' lang='lat' dir='ltr'>acervos</span> <span class='ocrx_word' id='word_1_75' title='bbox 451 1243 594 1284; x_wconf 82' lang='lat' dir='ltr'>eaesorum</span> <span class='ocrx_word' id='word_1_76' title='bbox 610 1242 765 1301; x_wconf 81' lang='lat' dir='ltr'>corporum</span> <span class='ocrx_word' id='word_1_77' title='bbox 781 1225 863 1283; x_wconf 92' lang='lat' dir='ltr'>humi</span> <span class='ocrx_word' id='word_1_78' title='bbox 877 1233 967 1294; x_wconf 78' lang='lat' dir='ltr'>strete</span> <span class='ocrx_word' id='word_1_79' title='bbox 981 1233 1073 1295; x_wconf 86' lang='lat' dir='ltr'>erant,</span> <span class='ocrx_word' id='word_1_80' title='bbox 1089 1242 1173 1282; x_wconf 86' lang='lat' dir='ltr'>aver-</span> 
     </span>
     <span class='ocr_line' id='line_1_12' title="bbox 227 1301 1173 1381; baseline -0.001 -19"><span class='ocrx_word' id='word_1_81' title='bbox 227 1324 290 1362; x_wconf 88' lang='lat' dir='ltr'>sam</span> <span class='ocrx_word' id='word_1_82' title='bbox 312 1304 483 1362; x_wconf 88' lang='lat' dir='ltr'>adoriuntur</span> <span class='ocrx_word' id='word_1_83' title='bbox 504 1304 667 1362; x_wconf 84' lang='lat' dir='ltr'>Romanam</span> <span class='ocrx_word' id='word_1_84' title='bbox 689 1304 792 1375; x_wconf 89' lang='lat' dir='ltr'>aoiem,</span> <span class='ocrx_word' id='word_1_85' title='bbox 813 1313 954 1381; x_wconf 87' lang='lat' dir='ltr'>tergaque</span> <span class='ocrx_word' id='word_1_86' title='bbox 976 1301 1114 1361; x_wconf 87' lang='lat' dir='ltr'>ferientes</span> <span class='ocrx_word' id='word_1_87' title='bbox 1135 1321 1173 1362; x_wconf 84' lang='lat' dir='ltr'>ae</span> 
     </span>
     <span class='ocr_line' id='line_1_13' title="bbox 228 1382 1174 1462; baseline 0.001 -22"><span class='ocrx_word' id='word_1_88' title='bbox 228 1384 350 1461; x_wconf 90' lang='lat' dir='ltr'>poplites</span> <span class='ocrx_word' id='word_1_89' title='bbox 360 1384 513 1454; x_wconf 71' lang='lat' dir='ltr'>caedentes,</span> <span class='ocrx_word' id='word_1_90' title='bbox 525 1394 653 1461; x_wconf 88' lang='lat' dir='ltr'>stragem</span> <span class='ocrx_word' id='word_1_91' title='bbox 664 1384 812 1462; x_wconf 89' lang='lat' dir='ltr'>ingentem</span> <span class='ocrx_word' id='word_1_92' title='bbox 823 1401 858 1440; x_wconf 85' lang='lat' dir='ltr'>ac</span> <span class='ocrx_word' id='word_1_93' title='bbox 869 1383 1009 1459; x_wconf 86' lang='lat' dir='ltr'>majorem</span> <span class='ocrx_word' id='word_1_94' title='bbox 1024 1382 1174 1458; x_wconf 87' lang='lat' dir='ltr'>aliquanto</span> 
     </span>
     <span class='ocr_line' id='line_1_14' title="bbox 228 1462 1173 1540; baseline 0 -20"><span class='ocrx_word' id='word_1_95' title='bbox 228 1481 366 1540; x_wconf 79' lang='lat' dir='ltr'>perorem</span> <span class='ocrx_word' id='word_1_96' title='bbox 389 1482 425 1522; x_wconf 86' lang='lat' dir='ltr'>ao</span> <span class='ocrx_word' id='word_1_97' title='bbox 446 1464 605 1522; x_wconf 91' lang='lat' dir='ltr'>tumultum</span> <span class='ocrx_word' id='word_1_98' title='bbox 628 1462 771 1521; x_wconf 83' lang='lat' dir='ltr'>fecerunt.</span> <span class='ocrx_word' id='word_1_99' title='bbox 823 1462 899 1520; x_wconf 89' lang='lat' dir='ltr'>Cum</span> <span class='ocrx_word' id='word_1_100' title='bbox 922 1462 992 1519; x_wconf 91' lang='lat' dir='ltr'>alibi</span> <span class='ocrx_word' id='word_1_101' title='bbox 1017 1471 1111 1519; x_wconf 90' lang='lat' dir='ltr'>terror</span> <span class='ocrx_word' id='word_1_102' title='bbox 1136 1481 1173 1520; x_wconf 88' lang='lat' dir='ltr'>ae</span> 
     </span>
     <span class='ocr_line' id='line_1_15' title="bbox 230 1539 1172 1621; baseline 0.001 -23"><span class='ocrx_word' id='word_1_103' title='bbox 230 1542 311 1620; x_wconf 87' lang='lat' dir='ltr'>fuga,</span> <span class='ocrx_word' id='word_1_104' title='bbox 327 1543 397 1600; x_wconf 82' lang='lat' dir='ltr'>olibi</span> <span class='ocrx_word' id='word_1_105' title='bbox 412 1543 546 1621; x_wconf 83' lang='lat' dir='ltr'>pertinax</span> <span class='ocrx_word' id='word_1_106' title='bbox 559 1544 591 1600; x_wconf 92' lang='lat' dir='ltr'>in</span> <span class='ocrx_word' id='word_1_107' title='bbox 605 1543 683 1601; x_wconf 87' lang='lat' dir='ltr'>mala</span> <span class='ocrx_word' id='word_1_108' title='bbox 699 1543 762 1620; x_wconf 84' lang='lat' dir='ltr'>jam</span> <span class='ocrx_word' id='word_1_109' title='bbox 776 1561 826 1619; x_wconf 91' lang='lat' dir='ltr'>spe</span> <span class='ocrx_word' id='word_1_110' title='bbox 841 1541 979 1619; x_wconf 89' lang='lat' dir='ltr'>proelium</span> <span class='ocrx_word' id='word_1_111' title='bbox 994 1551 1080 1612; x_wconf 89' lang='lat' dir='ltr'>esset,</span> <span class='ocrx_word' id='word_1_112' title='bbox 1095 1539 1172 1599; x_wconf 86' lang='lat' dir='ltr'>Has·</span> 
     </span>
     <span class='ocr_line' id='line_1_16' title="bbox 182 1620 1175 1699; baseline 0.001 -21"><span class='ocrx_word' id='word_1_113' title='bbox 182 1625 218 1678; x_wconf 86' lang='lat'>15</span> <span class='ocrx_word' id='word_1_114' title='bbox 228 1620 342 1692; x_wconf 87' lang='lat' dir='ltr'>drubal‚</span> <span class='ocrx_word' id='word_1_115' title='bbox 363 1624 415 1698; x_wconf 91' lang='lat' dir='ltr'>qui</span> <span class='ocrx_word' id='word_1_116' title='bbox 440 1642 476 1680; x_wconf 89' lang='lat' dir='ltr'>ee</span> <span class='ocrx_word' id='word_1_117' title='bbox 497 1623 561 1698; x_wconf 87' lang='lat' dir='ltr'>jam</span> <span class='ocrx_word' id='word_1_118' title='bbox 581 1632 662 1699; x_wconf 87' lang='lat' dir='ltr'>parte</span> <span class='ocrx_word' id='word_1_119' title='bbox 688 1631 819 1699; x_wconf 69' lang='lat' dir='ltr'>preerat,</span> <span class='ocrx_word' id='word_1_120' title='bbox 841 1620 998 1679; x_wconf 85' lang='lat' dir='ltr'>subductos</span> <span class='ocrx_word' id='word_1_121' title='bbox 1019 1640 1056 1678; x_wconf 85' lang='lat' dir='ltr'>ex</span> <span class='ocrx_word' id='word_1_122' title='bbox 1077 1621 1175 1679; x_wconf 86' lang='lat' dir='ltr'>media</span> 
     </span>
    </p>
   </div>
   <div class='ocr_carea' id='block_1_3' title="bbox 229 1699 1283 1778">
    <p class='ocr_par' dir='ltr' id='par_1_3' title="bbox 229 1699 1283 1778">
     <span class='ocr_line' id='line_1_17' title="bbox 229 1699 1283 1778; baseline 0.003 -21"><span class='ocrx_word' id='word_1_123' title='bbox 229 1701 293 1758; x_wconf 86' lang='lat' dir='ltr'>acie</span> <span class='ocrx_word' id='word_1_124' title='bbox 316 1700 472 1770; x_wconf 84' lang='lat' dir='ltr'>Numidas,</span> <span class='ocrx_word' id='word_1_125' title='bbox 487 1703 557 1776; x_wconf 91' lang='lat' dir='ltr'>quia</span> <span class='ocrx_word' id='word_1_126' title='bbox 580 1703 679 1778; x_wconf 86' lang='lat' dir='ltr'>segnis</span> <span class='ocrx_word' id='word_1_127' title='bbox 701 1719 803 1759; x_wconf 90' lang='lat' dir='ltr'>eorum</span> <span class='ocrx_word' id='word_1_128' title='bbox 827 1719 896 1758; x_wconf 89' lang='lat' dir='ltr'>oum</span> <span class='ocrx_word' id='word_1_129' title='bbox 920 1699 1049 1758; x_wconf 82' lang='lat' dir='ltr'>adversis</span> <span class='ocrx_word' id='word_1_130' title='bbox 1073 1719 1175 1777; x_wconf 86' lang='lat' dir='ltr'>pugna</span> <span class='ocrx_word' id='word_1_131' title='bbox 1281 1755 1283 1760; x_wconf 83' lang='lat'><em>.</em></span> 
     </span>
    </p>
   </div>
   <div class='ocr_carea' id='block_1_4' title="bbox 178 1779 1254 3996">
    <p class='ocr_par' dir='ltr' id='par_1_4' title="bbox 227 1779 1175 2016">
     <span class='ocr_line' id='line_1_18' title="bbox 227 1779 1175 1857; baseline 0.002 -21"><span class='ocrx_word' id='word_1_132' title='bbox 227 1788 298 1847; x_wconf 87' lang='lat' dir='ltr'>erat,</span> <span class='ocrx_word' id='word_1_133' title='bbox 314 1780 350 1836; x_wconf 90' lang='lat' dir='ltr'>ad</span> <span class='ocrx_word' id='word_1_134' title='bbox 375 1779 588 1856; x_wconf 91' lang='lat' dir='ltr'>persequendos</span> <span class='ocrx_word' id='word_1_135' title='bbox 610 1781 719 1856; x_wconf 82' lang='lat' dir='ltr'>possim</span> <span class='ocrx_word' id='word_1_136' title='bbox 744 1779 890 1857; x_wconf 84' lang='lat' dir='ltr'>fugientes</span> <span class='ocrx_word' id='word_1_137' title='bbox 914 1781 1008 1850; x_wconf 91' lang='lat' dir='ltr'>mittit,</span> <span class='ocrx_word' id='word_1_138' title='bbox 1025 1779 1175 1856; x_wconf 78' lang='lat' dir='ltr'>Hispanos</span> 
     </span>
     <span class='ocr_line' id='line_1_19' title="bbox 228 1858 1175 1938; baseline 0.004 -24"><span class='ocrx_word' id='word_1_139' title='bbox 228 1867 257 1914; x_wconf 89' lang='lat' dir='ltr'>et</span> <span class='ocrx_word' id='word_1_140' title='bbox 271 1858 372 1916; x_wconf 87' lang='lat' dir='ltr'>Gallos</span> <span class='ocrx_word' id='word_1_141' title='bbox 386 1860 498 1935; x_wconf 89' lang='lat' dir='ltr'>equites</span> <span class='ocrx_word' id='word_1_142' title='bbox 512 1858 596 1917; x_wconf 84' lang='lat' dir='ltr'>Afris</span> <span class='ocrx_word' id='word_1_143' title='bbox 607 1859 669 1933; x_wconf 92' lang='lat' dir='ltr'>jam</span> <span class='ocrx_word' id='word_1_144' title='bbox 684 1876 772 1936; x_wconf 92' lang='lat' dir='ltr'>prope</span> <span class='ocrx_word' id='word_1_145' title='bbox 787 1860 871 1917; x_wconf 84' lang='lat' dir='ltr'>fessis</span> <span class='ocrx_word' id='word_1_146' title='bbox 885 1859 964 1918; x_wconf 83' lang='lat' dir='ltr'>oaede</span> <span class='ocrx_word' id='word_1_147' title='bbox 979 1860 1073 1938; x_wconf 88' lang='lat' dir='ltr'>magis</span> <span class='ocrx_word' id='word_1_148' title='bbox 1083 1877 1175 1935; x_wconf 87' lang='lat' dir='ltr'>quem</span> 
     </span>
     <span class='ocr_line' id='line_1_20' title="bbox 228 1938 484 2016; baseline -0.004 -21"><span class='ocrx_word' id='word_1_149' title='bbox 228 1955 328 2015; x_wconf 86' lang='lat' dir='ltr'>pugna</span> <span class='ocrx_word' id='word_1_150' title='bbox 343 1938 484 2016; x_wconf 85' lang='lat' dir='ltr'>adjungit.</span> 
     </span>
    </p>

    <p class='ocr_par' dir='ltr' id='par_1_5' title="bbox 179 2015 1221 2413">
     <span class='ocr_line' id='line_1_21' title="bbox 179 2015 1175 2096; baseline 0.002 -22"><span class='ocrx_word' id='word_1_151' title='bbox 179 2019 218 2074; x_wconf 79' lang='lat'>20</span> <span class='ocrx_word' id='word_1_152' title='bbox 270 2015 379 2077; x_wconf 90' lang='lat' dir='ltr'><strong>XLIX.</strong></span> <span class='ocrx_word' id='word_1_153' title='bbox 402 2018 488 2076; x_wconf 88' lang='lat' dir='ltr'>Parte</span> <span class='ocrx_word' id='word_1_154' title='bbox 509 2017 602 2076; x_wconf 86' lang='lat' dir='ltr'>alters</span> <span class='ocrx_word' id='word_1_155' title='bbox 622 2035 729 2096; x_wconf 81' lang='lat' dir='ltr'>pugnae</span> <span class='ocrx_word' id='word_1_156' title='bbox 749 2016 869 2088; x_wconf 86' lang='lat' dir='ltr'>Paulus,</span> <span class='ocrx_word' id='word_1_157' title='bbox 884 2035 1063 2094; x_wconf 85' lang='lat' dir='ltr'>quamquam</span> <span class='ocrx_word' id='word_1_158' title='bbox 1079 2017 1175 2096; x_wconf 90' lang='lat' dir='ltr'>primo</span> 
     </span>
     <span class='ocr_line' id='line_1_22' title="bbox 228 2096 1173 2175; baseline 0 -21"><span class='ocrx_word' id='word_1_159' title='bbox 228 2098 325 2154; x_wconf 83' lang='lat' dir='ltr'>statim</span> <span class='ocrx_word' id='word_1_160' title='bbox 343 2098 446 2173; x_wconf 81' lang='lat' dir='ltr'>proelio</span> <span class='ocrx_word' id='word_1_161' title='bbox 467 2096 557 2155; x_wconf 82' lang='lat' dir='ltr'>sunda</span> <span class='ocrx_word' id='word_1_162' title='bbox 579 2099 708 2175; x_wconf 85' lang='lat' dir='ltr'>graviter</span> <span class='ocrx_word' id='word_1_163' title='bbox 728 2097 804 2155; x_wconf 90' lang='lat' dir='ltr'>iotus</span> <span class='ocrx_word' id='word_1_164' title='bbox 827 2096 930 2167; x_wconf 86' lang='lat' dir='ltr'>fuerat,</span> <span class='ocrx_word' id='word_1_165' title='bbox 945 2106 1043 2155; x_wconf 87' lang='lat' dir='ltr'>tamen</span> <span class='ocrx_word' id='word_1_166' title='bbox 1062 2107 1091 2154; x_wconf 92' lang='lat' dir='ltr'>et</span> <span class='ocrx_word' id='word_1_167' title='bbox 1104 2115 1173 2155; x_wconf 85' lang='lat' dir='ltr'>eon-</span> 
     </span>
     <span class='ocr_line' id='line_1_23' title="bbox 228 2176 1173 2252; baseline 0.003 -21"><span class='ocrx_word' id='word_1_168' title='bbox 228 2178 321 2232; x_wconf 89' lang='lat' dir='ltr'>currit</span> <span class='ocrx_word' id='word_1_169' title='bbox 334 2195 410 2252; x_wconf 87' lang='lat' dir='ltr'>saepe</span> <span class='ocrx_word' id='word_1_170' title='bbox 430 2196 498 2235; x_wconf 84' lang='lat' dir='ltr'>eum</span> <span class='ocrx_word' id='word_1_171' title='bbox 513 2176 649 2235; x_wconf 83' lang='lat' dir='ltr'>confertis</span> <span class='ocrx_word' id='word_1_172' title='bbox 665 2176 825 2234; x_wconf 83' lang='lat' dir='ltr'>Hannibali</span> <span class='ocrx_word' id='word_1_173' title='bbox 840 2185 868 2234; x_wconf 91' lang='lat' dir='ltr'>et</span> <span class='ocrx_word' id='word_1_174' title='bbox 883 2176 991 2252; x_wconf 86' lang='lat' dir='ltr'>aliquot</span> <span class='ocrx_word' id='word_1_175' title='bbox 1009 2176 1081 2234; x_wconf 87' lang='lat' dir='ltr'>loois</span> <span class='ocrx_word' id='word_1_176' title='bbox 1096 2195 1173 2252; x_wconf 85' lang='lat' dir='ltr'>proe-</span> 
     </span>
     <span class='ocr_line' id='line_1_24' title="bbox 227 2254 1173 2332; baseline 0.003 -22"><span class='ocrx_word' id='word_1_177' title='bbox 227 2254 300 2311; x_wconf 92' lang='lat' dir='ltr'>lium</span> <span class='ocrx_word' id='word_1_178' title='bbox 315 2257 447 2325; x_wconf 80' lang='lat' dir='ltr'>restituit,</span> <span class='ocrx_word' id='word_1_179' title='bbox 462 2257 676 2332; x_wconf 84' lang='lat' dir='ltr'>protegentibus</span> <span class='ocrx_word' id='word_1_180' title='bbox 691 2275 759 2312; x_wconf 91' lang='lat' dir='ltr'>eum</span> <span class='ocrx_word' id='word_1_181' title='bbox 773 2256 918 2332; x_wconf 87' lang='lat' dir='ltr'>equitibus</span> <span class='ocrx_word' id='word_1_182' title='bbox 933 2255 1073 2314; x_wconf 88' lang='lat' dir='ltr'>Romanis</span> <span class='ocrx_word' id='word_1_183' title='bbox 1087 2257 1173 2313; x_wconf 88' lang='lat' dir='ltr'>omis-</span> 
     </span>
     <span class='ocr_line' id='line_1_25' title="bbox 227 2333 1221 2413; baseline 0.001 -23"><span class='ocrx_word' id='word_1_184' title='bbox 227 2333 267 2391; x_wconf 91' lang='lat' dir='ltr'>sis</span> <span class='ocrx_word' id='word_1_185' title='bbox 281 2343 422 2409; x_wconf 88' lang='lat' dir='ltr'>postremo</span> <span class='ocrx_word' id='word_1_186' title='bbox 435 2336 527 2410; x_wconf 88' lang='lat' dir='ltr'>equis,</span> <span class='ocrx_word' id='word_1_187' title='bbox 542 2337 611 2410; x_wconf 88' lang='lat' dir='ltr'>quia</span> <span class='ocrx_word' id='word_1_188' title='bbox 624 2335 775 2393; x_wconf 82' lang='lat' dir='ltr'>consulem</span> <span class='ocrx_word' id='word_1_189' title='bbox 790 2343 818 2392; x_wconf 94' lang='lat' dir='ltr'>et</span> <span class='ocrx_word' id='word_1_190' title='bbox 832 2334 868 2391; x_wconf 91' lang='lat' dir='ltr'>ad</span> <span class='ocrx_word' id='word_1_191' title='bbox 888 2335 1047 2413; x_wconf 88' lang='lat' dir='ltr'>regendum</span> <span class='ocrx_word' id='word_1_192' title='bbox 1062 2353 1174 2410; x_wconf 88' lang='lat' dir='ltr'>equum</span> <span class='ocrx_word' id='word_1_193' title='bbox 1216 2349 1221 2358; x_wconf 85' lang='lat'><strong>·</strong></span> 
     </span>
    </p>

    <p class='ocr_par' dir='ltr' id='par_1_6' title="bbox 178 2411 1205 2809">
     <span class='ocr_line' id='line_1_26' title="bbox 178 2411 1174 2489; baseline 0.004 -21"><span class='ocrx_word' id='word_1_194' title='bbox 178 2414 218 2468; x_wconf 81' lang='lat'>25</span> <span class='ocrx_word' id='word_1_195' title='bbox 229 2412 304 2470; x_wconf 87' lang='lat' dir='ltr'>vires</span> <span class='ocrx_word' id='word_1_196' title='bbox 317 2411 500 2471; x_wconf 87' lang='lat' dir='ltr'>deficiebant.</span> <span class='ocrx_word' id='word_1_197' title='bbox 543 2413 622 2473; x_wconf 84' lang='lat' dir='ltr'>Tum</span> <span class='ocrx_word' id='word_1_198' title='bbox 636 2413 738 2472; x_wconf 89' lang='lat' dir='ltr'>deinde</span> <span class='ocrx_word' id='word_1_199' title='bbox 752 2414 897 2472; x_wconf 86' lang='lat' dir='ltr'>nuntianti</span> <span class='ocrx_word' id='word_1_200' title='bbox 910 2413 1036 2484; x_wconf 83' lang='lat' dir='ltr'>cuidam,</span> <span class='ocrx_word' id='word_1_201' title='bbox 1049 2414 1174 2489; x_wconf 87' lang='lat' dir='ltr'>jussisse</span> 
     </span>
     <span class='ocr_line' id='line_1_27' title="bbox 227 2492 1173 2570; baseline 0 -20"><span class='ocrx_word' id='word_1_202' title='bbox 227 2492 377 2550; x_wconf 83' lang='lat' dir='ltr'>eonsulem</span> <span class='ocrx_word' id='word_1_203' title='bbox 397 2492 433 2550; x_wconf 90' lang='lat' dir='ltr'>ad</span> <span class='ocrx_word' id='word_1_204' title='bbox 453 2492 539 2570; x_wconf 87' lang='lat' dir='ltr'>pedes</span> <span class='ocrx_word' id='word_1_205' title='bbox 559 2492 737 2551; x_wconf 81' lang='lat' dir='ltr'>descendere</span> <span class='ocrx_word' id='word_1_206' title='bbox 749 2494 878 2569; x_wconf 77' lang='lat' dir='ltr'>-equiteS,</span> <span class='ocrx_word' id='word_1_207' title='bbox 893 2492 1000 2551; x_wconf 79' lang='lat' dir='ltr'>dixisse</span> <span class='ocrx_word' id='word_1_208' title='bbox 1021 2493 1173 2552; x_wconf 86' lang='lat' dir='ltr'>Hanniba·</span> 
     </span>
     <span class='ocr_line' id='line_1_28' title="bbox 227 2570 1174 2650; baseline 0.002 -22"><span class='ocrx_word' id='word_1_209' title='bbox 227 2570 285 2628; x_wconf 90' lang='lat' dir='ltr'>lem</span> <span class='ocrx_word' id='word_1_210' title='bbox 300 2570 396 2630; x_wconf 88' lang='lat' dir='ltr'>ferunt</span> <span class='ocrx_word' id='word_1_211' title='bbox 411 2579 430 2607; x_wconf 90' lang='lat'><strong>“</strong></span> <span class='ocrx_word' id='word_1_212' title='bbox 439 2591 527 2650; x_wconf 90' lang='lat' dir='ltr'>quam</span> <span class='ocrx_word' id='word_1_213' title='bbox 539 2572 657 2631; x_wconf 88' lang='lat' dir='ltr'>mallem</span> <span class='ocrx_word' id='word_1_214' title='bbox 671 2573 782 2631; x_wconf 86' lang='lat' dir='ltr'>vinctos</span> <span class='ocrx_word' id='word_1_215' title='bbox 796 2573 867 2629; x_wconf 91' lang='lat' dir='ltr'>mihi</span> <span class='ocrx_word' id='word_1_216' title='bbox 880 2572 1007 2631; x_wconf 89' lang='lat' dir='ltr'>traderet</span> <span class='ocrx_word' id='word_1_217' title='bbox 1016 2571 1046 2630; x_wconf 83' lang='lat' dir='ltr'>l&#39;&#39;</span> <span class='ocrx_word' id='word_1_218' title='bbox 1080 2572 1174 2648; x_wconf 90' lang='lat' dir='ltr'>Equi-</span> 
     </span>
     <span class='ocr_line' id='line_1_29' title="bbox 227 2650 1174 2730; baseline 0 -22"><span class='ocrx_word' id='word_1_219' title='bbox 227 2660 289 2708; x_wconf 93' lang='lat' dir='ltr'>tum</span> <span class='ocrx_word' id='word_1_220' title='bbox 313 2653 443 2728; x_wconf 86' lang='lat' dir='ltr'>pedestre</span> <span class='ocrx_word' id='word_1_221' title='bbox 466 2651 731 2730; x_wconf 52' lang='lat' dir='ltr'>proelium-quale</span> <span class='ocrx_word' id='word_1_222' title='bbox 751 2652 813 2728; x_wconf 89' lang='lat' dir='ltr'>jam</span> <span class='ocrx_word' id='word_1_223' title='bbox 835 2651 913 2710; x_wconf 88' lang='lat' dir='ltr'>haud</span> <span class='ocrx_word' id='word_1_224' title='bbox 935 2650 1024 2709; x_wconf 84' lang='lat' dir='ltr'>dubie</span> <span class='ocrx_word' id='word_1_225' title='bbox 1045 2651 1174 2709; x_wconf 91' lang='lat' dir='ltr'>hostium</span> 
     </span>
     <span class='ocr_line' id='line_1_30' title="bbox 228 2730 1205 2809; baseline 0.003 -23"><span class='ocrx_word' id='word_1_226' title='bbox 228 2731 452 2806; x_wconf 77' lang='lat' dir='ltr'>victoria-fuit,</span> <span class='ocrx_word' id='word_1_227' title='bbox 468 2751 537 2790; x_wconf 89' lang='lat' dir='ltr'>oum</span> <span class='ocrx_word' id='word_1_228' title='bbox 559 2732 628 2790; x_wconf 86' lang='lat' dir='ltr'>victi</span> <span class='ocrx_word' id='word_1_229' title='bbox 649 2731 722 2788; x_wconf 92' lang='lat' dir='ltr'>mori</span> <span class='ocrx_word' id='word_1_230' title='bbox 744 2732 775 2787; x_wconf 93' lang='lat' dir='ltr'>in</span> <span class='ocrx_word' id='word_1_231' title='bbox 798 2731 919 2809; x_wconf 83' lang='lat' dir='ltr'>vestigio</span> <span class='ocrx_word' id='word_1_232' title='bbox 940 2730 1062 2788; x_wconf 89' lang='lat' dir='ltr'>mallent</span> <span class='ocrx_word' id='word_1_233' title='bbox 1083 2749 1174 2806; x_wconf 90' lang='lat' dir='ltr'>quam</span> <span class='ocrx_word' id='word_1_234' title='bbox 1201 2767 1205 2776; x_wconf 49' lang='grc' dir='ltr'><strong><em>ι</em></strong></span> 
     </span>
    </p>

    <p class='ocr_par' dir='ltr' id='par_1_7' title="bbox 179 2807 1254 3204">
     <span class='ocr_line' id='line_1_31' title="bbox 179 2807 1174 2886; baseline 0.005 -23"><span class='ocrx_word' id='word_1_235' title='bbox 179 2807 339 2886; x_wconf 78' lang='lat' dir='ltr'>30fugere‚</span> <span class='ocrx_word' id='word_1_236' title='bbox 362 2811 486 2869; x_wconf 84' lang='lat' dir='ltr'>victores</span> <span class='ocrx_word' id='word_1_237' title='bbox 514 2811 693 2868; x_wconf 85' lang='lat' dir='ltr'>morantibus</span> <span class='ocrx_word' id='word_1_238' title='bbox 719 2809 870 2869; x_wconf 77' lang='lat' dir='ltr'>victoriam</span> <span class='ocrx_word' id='word_1_239' title='bbox 896 2811 964 2868; x_wconf 90' lang='lat' dir='ltr'>irati</span> <span class='ocrx_word' id='word_1_240' title='bbox 990 2809 1174 2868; x_wconf 81' lang='lat' dir='ltr'>trucidarent</span> 
     </span>
     <span class='ocr_line' id='line_1_32' title="bbox 226 2888 1254 2966; baseline 0.005 -23"><span class='ocrx_word' id='word_1_241' title='bbox 226 2906 300 2962; x_wconf 91' lang='lat' dir='ltr'>quos</span> <span class='ocrx_word' id='word_1_242' title='bbox 314 2888 423 2964; x_wconf 89' lang='lat' dir='ltr'>pellere</span> <span class='ocrx_word' id='word_1_243' title='bbox 435 2907 493 2947; x_wconf 90' lang='lat' dir='ltr'>non</span> <span class='ocrx_word' id='word_1_244' title='bbox 505 2899 646 2966; x_wconf 82' lang='lat' dir='ltr'>poterant.</span> <span class='ocrx_word' id='word_1_245' title='bbox 689 2889 975 2965; x_wconf 88' lang='lat' dir='ltr'>Pepulerunttemen</span> <span class='ocrx_word' id='word_1_246' title='bbox 986 2889 1047 2964; x_wconf 88' lang='lat' dir='ltr'>jam</span> <span class='ocrx_word' id='word_1_247' title='bbox 1063 2907 1174 2964; x_wconf 78' lang='lat' dir='ltr'>paucos</span> <span class='ocrx_word' id='word_1_248' title='bbox 1247 2931 1254 2936; x_wconf 91' lang='lat'>-</span> 
     </span>
     <span class='ocr_line' id='line_1_33' title="bbox 226 2966 1173 3044; baseline 0.003 -21"><span class='ocrx_word' id='word_1_249' title='bbox 226 2975 397 3042; x_wconf 86' lang='lat' dir='ltr'>superantes</span> <span class='ocrx_word' id='word_1_250' title='bbox 415 2977 444 3024; x_wconf 90' lang='lat' dir='ltr'>et</span> <span class='ocrx_word' id='word_1_251' title='bbox 463 2969 563 3026; x_wconf 86' lang='lat' dir='ltr'>labore</span> <span class='ocrx_word' id='word_1_252' title='bbox 578 2987 614 3026; x_wconf 89' lang='lat' dir='ltr'>ao</span> <span class='ocrx_word' id='word_1_253' title='bbox 628 2968 801 3027; x_wconf 81' lang='lat' dir='ltr'>vulneribus</span> <span class='ocrx_word' id='word_1_254' title='bbox 822 2966 927 3026; x_wconf 77' lang='lat' dir='ltr'>fessos:</span> <span class='ocrx_word' id='word_1_255' title='bbox 949 2967 1017 3026; x_wconf 90' lang='lat' dir='ltr'>inde</span> <span class='ocrx_word' id='word_1_256' title='bbox 1038 2967 1173 3044; x_wconf 85' lang='lat' dir='ltr'>dissipati</span> 
     </span>
     <span class='ocr_line' id='line_1_34' title="bbox 225 3045 1172 3124; baseline 0.003 -22"><span class='ocrx_word' id='word_1_257' title='bbox 225 3063 326 3102; x_wconf 90' lang='lat' dir='ltr'>omnes</span> <span class='ocrx_word' id='word_1_258' title='bbox 340 3055 416 3116; x_wconf 86' lang='lat' dir='ltr'>sunt,</span> <span class='ocrx_word' id='word_1_259' title='bbox 431 3064 578 3123; x_wconf 87' lang='lat' dir='ltr'>equosque</span> <span class='ocrx_word' id='word_1_260' title='bbox 594 3045 631 3105; x_wconf 87' lang='lat' dir='ltr'>ad</span> <span class='ocrx_word' id='word_1_261' title='bbox 649 3046 759 3124; x_wconf 79' lang='lat' dir='ltr'>fugam,</span> <span class='ocrx_word' id='word_1_262' title='bbox 775 3048 825 3123; x_wconf 92' lang='lat' dir='ltr'>qui</span> <span class='ocrx_word' id='word_1_263' title='bbox 840 3057 978 3124; x_wconf 88' lang='lat' dir='ltr'>poterant,</span> <span class='ocrx_word' id='word_1_264' title='bbox 991 3046 1172 3124; x_wconf 86' lang='lat' dir='ltr'>repetebant.</span> 
     </span>
     <span class='ocr_line' id='line_1_35' title="bbox 226 3121 1173 3204; baseline 0.002 -22"><span class='ocrx_word' id='word_1_265' title='bbox 226 3124 281 3182; x_wconf 80' lang='lat' dir='ltr'>Cu.</span> <span class='ocrx_word' id='word_1_266' title='bbox 297 3121 442 3183; x_wconf 86' lang='lat' dir='ltr'>Lentulus</span> <span class='ocrx_word' id='word_1_267' title='bbox 461 3127 596 3184; x_wconf 90' lang='lat' dir='ltr'>tribunus</span> <span class='ocrx_word' id='word_1_268' title='bbox 615 3127 749 3197; x_wconf 88' lang='lat' dir='ltr'>militum,</span> <span class='ocrx_word' id='word_1_269' title='bbox 764 3145 842 3197; x_wconf 91' lang='lat' dir='ltr'>oum,</span> <span class='ocrx_word' id='word_1_270' title='bbox 858 3127 1073 3204; x_wconf 71' lang='lat' dir='ltr'>praetervehens</span> <span class='ocrx_word' id='word_1_271' title='bbox 1086 3145 1173 3203; x_wconf 90' lang='lat' dir='ltr'>equo,</span> 
     </span>
    </p>

    <p class='ocr_par' dir='ltr' id='par_1_8' title="bbox 181 3203 1174 3600">
     <span class='ocr_line' id='line_1_36' title="bbox 181 3203 1173 3283; baseline 0.009 -28"><span class='ocrx_word' id='word_1_272' title='bbox 181 3203 217 3259; x_wconf 85' lang='grc'>35</span> <span class='ocrx_word' id='word_1_273' title='bbox 226 3203 373 3262; x_wconf 89' lang='lat' dir='ltr'>sedentem</span> <span class='ocrx_word' id='word_1_274' title='bbox 401 3205 431 3262; x_wconf 91' lang='lat' dir='ltr'>in</span> <span class='ocrx_word' id='word_1_275' title='bbox 458 3224 528 3263; x_wconf 86' lang='lat' dir='ltr'>saxo</span> <span class='ocrx_word' id='word_1_276' title='bbox 555 3223 658 3264; x_wconf 86' lang='lat' dir='ltr'>eruore</span> <span class='ocrx_word' id='word_1_277' title='bbox 686 3206 832 3283; x_wconf 91' lang='lat' dir='ltr'>oppletum</span> <span class='ocrx_word' id='word_1_278' title='bbox 862 3206 1012 3265; x_wconf 85' lang='lat' dir='ltr'>consulem</span> <span class='ocrx_word' id='word_1_279' title='bbox 1043 3205 1173 3277; x_wconf 88' lang='lat' dir='ltr'>vidisset,</span> 
     </span>
     <span class='ocr_line' id='line_1_37' title="bbox 227 3281 1174 3362; baseline 0.002 -20"><span class='ocrx_word' id='word_1_280' title='bbox 227 3290 245 3319; x_wconf 79' lang='lat'>‘⁶</span> <span class='ocrx_word' id='word_1_281' title='bbox 256 3283 291 3342; x_wconf 87' lang='lat' dir='ltr'>L.</span> <span class='ocrx_word' id='word_1_282' title='bbox 314 3281 555 3361; x_wconf 80' lang='lat' dir='ltr'>AEmili‚&#39;&#39;·inquit</span> <span class='ocrx_word' id='word_1_283' title='bbox 569 3291 587 3321; x_wconf 88' lang='lat'>“</span> <span class='ocrx_word' id='word_1_284' title='bbox 597 3304 685 3362; x_wconf 91' lang='lat' dir='ltr'>quem</span> <span class='ocrx_word' id='word_1_285' title='bbox 697 3303 792 3345; x_wconf 86' lang='lat' dir='ltr'>unum</span> <span class='ocrx_word' id='word_1_286' title='bbox 806 3286 947 3344; x_wconf 87' lang='lat' dir='ltr'>insontem</span> <span class='ocrx_word' id='word_1_287' title='bbox 962 3285 1058 3362; x_wconf 81' lang='lat' dir='ltr'>oulpae</span> <span class='ocrx_word' id='word_1_288' title='bbox 1078 3283 1174 3344; x_wconf 86' lang='lat' dir='ltr'>cladis</span> 
     </span>
     <span class='ocr_line' id='line_1_38' title="bbox 226 3363 1174 3442; baseline 0.002 -21"><span class='ocrx_word' id='word_1_289' title='bbox 226 3363 372 3422; x_wconf 77' lang='lat' dir='ltr'>hodierne</span> <span class='ocrx_word' id='word_1_290' title='bbox 392 3365 438 3422; x_wconf 94' lang='lat' dir='ltr'>dei</span> <span class='ocrx_word' id='word_1_291' title='bbox 453 3366 597 3441; x_wconf 85' lang='lat' dir='ltr'>respicere</span> <span class='ocrx_word' id='word_1_292' title='bbox 611 3365 725 3435; x_wconf 87' lang='lat' dir='ltr'>debent,</span> <span class='ocrx_word' id='word_1_293' title='bbox 740 3383 812 3442; x_wconf 86' lang='lat' dir='ltr'>cape</span> <span class='ocrx_word' id='word_1_294' title='bbox 832 3365 911 3423; x_wconf 88' lang='lat' dir='ltr'>huno</span> <span class='ocrx_word' id='word_1_295' title='bbox 926 3383 1043 3441; x_wconf 86' lang='lat' dir='ltr'>equum,</span> <span class='ocrx_word' id='word_1_296' title='bbox 1058 3363 1131 3422; x_wconf 90' lang='lat' dir='ltr'>dum</span> <span class='ocrx_word' id='word_1_297' title='bbox 1145 3373 1174 3423; x_wconf 91' lang='lat' dir='ltr'>et</span> 
     </span>
     <span class='ocr_line' id='line_1_39' title="bbox 226 3443 1173 3522; baseline 0.002 -23"><span class='ocrx_word' id='word_1_298' title='bbox 226 3443 278 3500; x_wconf 92' lang='lat' dir='ltr'>tibi</span> <span class='ocrx_word' id='word_1_299' title='bbox 293 3444 401 3501; x_wconf 85' lang='lat' dir='ltr'>virium</span> <span class='ocrx_word' id='word_1_300' title='bbox 422 3443 531 3519; x_wconf 84' lang='lat' dir='ltr'>aliquid</span> <span class='ocrx_word' id='word_1_301' title='bbox 545 3454 686 3522; x_wconf 90' lang='lat' dir='ltr'>superest,</span> <span class='ocrx_word' id='word_1_302' title='bbox 701 3463 798 3502; x_wconf 85' lang='lat' dir='ltr'>eomes</span> <span class='ocrx_word' id='word_1_303' title='bbox 818 3463 873 3521; x_wconf 88' lang='lat' dir='ltr'>ego</span> <span class='ocrx_word' id='word_1_304' title='bbox 886 3454 915 3503; x_wconf 91' lang='lat' dir='ltr'>te</span> <span class='ocrx_word' id='word_1_305' title='bbox 930 3444 1032 3502; x_wconf 89' lang='lat' dir='ltr'>tollere</span> <span class='ocrx_word' id='word_1_306' title='bbox 1053 3461 1173 3520; x_wconf 89' lang='lat' dir='ltr'>possum</span> 
     </span>
     <span class='ocr_line' id='line_1_40' title="bbox 227 3523 1174 3600; baseline 0.002 -21"><span class='ocrx_word' id='word_1_307' title='bbox 227 3541 262 3579; x_wconf 89' lang='lat' dir='ltr'>ao</span> <span class='ocrx_word' id='word_1_308' title='bbox 275 3533 441 3600; x_wconf 87' lang='lat' dir='ltr'>protegere:</span> <span class='ocrx_word' id='word_1_309' title='bbox 462 3541 499 3581; x_wconf 88' lang='lat' dir='ltr'>ne</span> <span class='ocrx_word' id='word_1_310' title='bbox 521 3523 665 3582; x_wconf 84' lang='lat' dir='ltr'>funestam</span> <span class='ocrx_word' id='word_1_311' title='bbox 688 3526 764 3581; x_wconf 83' lang='lat' dir='ltr'>hano</span> <span class='ocrx_word' id='word_1_312' title='bbox 782 3541 911 3600; x_wconf 85' lang='lat' dir='ltr'>pugnam</span> <span class='ocrx_word' id='word_1_313' title='bbox 931 3533 1021 3581; x_wconf 91' lang='lat' dir='ltr'>morte</span> <span class='ocrx_word' id='word_1_314' title='bbox 1042 3523 1174 3582; x_wconf 82' lang='lat' dir='ltr'>consulis</span> 
     </span>
    </p>

    <p class='ocr_par' dir='ltr' id='par_1_9' title="bbox 182 3598 1175 3996">
     <span class='ocr_line' id='line_1_41' title="bbox 182 3598 1173 3679; baseline 0.001 -21"><span class='ocrx_word' id='word_1_315' title='bbox 182 3598 340 3672; x_wconf 87' lang='lat' dir='ltr'>40feoeris‚</span> <span class='ocrx_word' id='word_1_316' title='bbox 356 3601 458 3677; x_wconf 87' lang='lat' dir='ltr'>etjam</span> <span class='ocrx_word' id='word_1_317' title='bbox 478 3603 542 3660; x_wconf 90' lang='lat' dir='ltr'>sine</span> <span class='ocrx_word' id='word_1_318' title='bbox 555 3603 610 3661; x_wconf 87' lang='lat' dir='ltr'>hoc</span> <span class='ocrx_word' id='word_1_319' title='bbox 625 3603 814 3660; x_wconf 82' lang='lat' dir='ltr'>lacrimarum</span> <span class='ocrx_word' id='word_1_320' title='bbox 828 3604 898 3660; x_wconf 86' lang='lat' dir='ltr'>satis</span> <span class='ocrx_word' id='word_1_321' title='bbox 916 3603 1073 3679; x_wconf 82' lang='lat' dir='ltr'>luctusque</span> <span class='ocrx_word' id='word_1_322' title='bbox 1088 3599 1173 3660; x_wconf 85' lang='lat' dir='ltr'>est.”</span> 
     </span>
     <span class='ocr_line' id='line_1_42' title="bbox 227 3680 1174 3758; baseline 0.004 -22"><span class='ocrx_word' id='word_1_323' title='bbox 227 3680 275 3736; x_wconf 83' lang='lat' dir='ltr'>Ad</span> <span class='ocrx_word' id='word_1_324' title='bbox 296 3700 332 3738; x_wconf 87' lang='lat' dir='ltr'>es</span> <span class='ocrx_word' id='word_1_325' title='bbox 353 3681 472 3738; x_wconf 82' lang='lat' dir='ltr'>consul:</span> <span class='ocrx_word' id='word_1_326' title='bbox 495 3688 554 3740; x_wconf 85' lang='lat' dir='ltr'>“tu</span> <span class='ocrx_word' id='word_1_327' title='bbox 576 3681 703 3758; x_wconf 87' lang='lat' dir='ltr'>quidem,</span> <span class='ocrx_word' id='word_1_328' title='bbox 724 3681 779 3739; x_wconf 85' lang='lat' dir='ltr'>Gn.</span> <span class='ocrx_word' id='word_1_329' title='bbox 803 3681 930 3753; x_wconf 84' lang='lat' dir='ltr'>Corneli,</span> <span class='ocrx_word' id='word_1_330' title='bbox 945 3691 1040 3740; x_wconf 85' lang='lat' dir='ltr'>macte</span> <span class='ocrx_word' id='word_1_331' title='bbox 1063 3681 1174 3740; x_wconf 81' lang='lat' dir='ltr'>virtute</span> 
     </span>
     <span class='ocr_line' id='line_1_43' title="bbox 225 3758 1173 3838; baseline 0.005 -24"><span class='ocrx_word' id='word_1_332' title='bbox 225 3767 303 3815; x_wconf 88' lang='lat' dir='ltr'>esto:</span> <span class='ocrx_word' id='word_1_333' title='bbox 324 3758 471 3828; x_wconf 83' lang='lat' dir='ltr'>sedesve,</span> <span class='ocrx_word' id='word_1_334' title='bbox 487 3758 595 3818; x_wconf 84' lang='lat' dir='ltr'>frustra</span> <span class='ocrx_word' id='word_1_335' title='bbox 609 3759 747 3818; x_wconf 87' lang='lat' dir='ltr'>morando</span> <span class='ocrx_word' id='word_1_336' title='bbox 763 3761 904 3838; x_wconf 89' lang='lat' dir='ltr'>exiguum</span> <span class='ocrx_word' id='word_1_337' title='bbox 919 3770 1033 3838; x_wconf 89' lang='lat' dir='ltr'>tempus</span> <span class='ocrx_word' id='word_1_338' title='bbox 1047 3779 1064 3818; x_wconf 91' lang='lat' dir='ltr'>e</span> <span class='ocrx_word' id='word_1_339' title='bbox 1079 3761 1173 3819; x_wconf 86' lang='lat' dir='ltr'>maui-</span> 
     </span>
     <span class='ocr_line' id='line_1_44' title="bbox 225 3831 1172 3917; baseline 0.01 -28"><span class='ocrx_word' id='word_1_340' title='bbox 225 3831 280 3890; x_wconf 91' lang='lat' dir='ltr'>bus</span> <span class='ocrx_word' id='word_1_341' title='bbox 293 3835 418 3893; x_wconf 88' lang='lat' dir='ltr'>hostium</span> <span class='ocrx_word' id='word_1_342' title='bbox 431 3837 573 3895; x_wconf 85' lang='lat' dir='ltr'>evadendi</span> <span class='ocrx_word' id='word_1_343' title='bbox 592 3839 738 3896; x_wconf 85' lang='lat' dir='ltr'>absumas.</span> <span class='ocrx_word' id='word_1_344' title='bbox 780 3839 850 3910; x_wconf 77' lang='lat' dir='ltr'>Abi,</span> <span class='ocrx_word' id='word_1_345' title='bbox 864 3841 969 3898; x_wconf 85' lang='lat' dir='ltr'>nuntia</span> <span class='ocrx_word' id='word_1_346' title='bbox 989 3839 1108 3917; x_wconf 79' lang='lat' dir='ltr'>publice</span> <span class='ocrx_word' id='word_1_347' title='bbox 1121 3858 1172 3916; x_wconf 86' lang='lat' dir='ltr'>pa-</span> 
     </span>
     <span class='ocr_line' id='line_1_45' title="bbox 224 3911 1175 3996; baseline 0.013 -30"><span class='ocrx_word' id='word_1_348' title='bbox 224 3911 326 3980; x_wconf 86' lang='lat' dir='ltr'>tribus,</span> <span class='ocrx_word' id='word_1_349' title='bbox 341 3913 443 3969; x_wconf 87' lang='lat' dir='ltr'>urbem</span> <span class='ocrx_word' id='word_1_350' title='bbox 466 3913 628 3972; x_wconf 84' lang='lat' dir='ltr'>Romanam</span> <span class='ocrx_word' id='word_1_351' title='bbox 650 3917 844 3989; x_wconf 71' lang='lat' dir='ltr'>munientem</span> <span class='ocrx_word' id='word_1_352' title='bbox 866 3919 948 3996; x_wconf 88' lang='lat' dir='ltr'>prius</span> <span class='ocrx_word' id='word_1_353' title='bbox 969 3936 1061 3996; x_wconf 83' lang='lat' dir='ltr'>quem</span> <span class='ocrx_word' id='word_1_354' title='bbox 1080 3916 1175 3978; x_wconf 84' lang='lat' dir='ltr'>hostis</span> 
     </span>
    </p>
   </div>
   <div class='ocr_carea' id='block_1_5' title="bbox 0 0 1365 4292">
    <p class='ocr_par' dir='ltr' id='par_1_10' title="bbox 0 0 1365 4292">
     <span class='ocr_line' id='line_1_46' title="bbox 0 0 1365 4292; baseline 0 0"><span class='ocrx_word' id='word_1_355' title='bbox 0 0 1365 4292; x_wconf 95' lang='lat' dir='ltr'> </span> 
     </span>
    </p>
   </div>
  </div>
 </body>
</html>
