2717 4292
486 321 573 368 amaa
593 322 656 363 m.
698 323 764 365 car.
780 323 875 365 mu.
1110 315 1168 377 117

136 456 141 465 ’
176 450 422 510 adHannibalem
444 450 540 510 delata
553 463 637 525 esset,
651 453 761 511 arbiter
772 454 856 531 regui
875 453 979 527 factus,
992 455 1070 534 quod
1085 474 1122 515 aa

174 543 295 589 senatus
315 532 539 608 principumque
560 532 701 590 sententia
722 531 826 603 fuerat,
845 534 999 611 imperim
1018 536 1122 613 majori

175 611 310 669 restituit.
368 609 414 667 Ob
442 610 471 667 id
500 612 635 668 meritum
663 622 825 669 commeatu
853 614 992 689 copiaque
1019 633 1119 673 rerum

174 691 316 759 omnium,
336 690 464 745 maxime
479 690 576 759 vestis,
590 701 634 747 est
655 690 780 765 adjutus,
794 710 883 766 quam
897 692 1019 751 infames
1033 692 1119 771 frigo-

175 768 256 825 ribus
267 768 362 845 Alpes
376 769 532 845 praeparari
546 770 697 845 cogebant.
739 769 852 827 Sedatis
866 770 1012 828 Hannibal
1027 783 1148 837 certa-b

175 848 303 905 minibus
325 846 526 923 Allobrogum,
544 867 613 904 cum
633 849 696 924 jam
717 848 810 924 Alpes
829 859 947 925 peteret,
962 869 1018 908 uon
1039 862 1120 909 recta

174 927 293 1001 regione
316 928 372 983 iter
395 926 519 983 instituit
537 927 586 983 sed
601 926 636 983 ad
658 928 762 984 laevam
782 928 813 983 in
827 928 1006 987 Tricastinos
1019 930 1116 1003 flenit;

176 1004 242 1061 inde
264 1024 317 1081 per
330 1016 489 1063 extremam
503 1024 584 1062 cram
598 1005 806 1064 Vocontiorum
820 1008 884 1085 agri
904 1008 994 1065 tendit
1007 1010 1038 1065 in
1052 1008 1117 1066 Tri·

174 1084 278 1152 corios,
293 1084 371 1141 haud
392 1103 515 1159 usquam
536 1084 671 1160 impedita
686 1086 743 1155 via,
765 1087 933 1161 priusquam
948 1086 984 1144 ad
1004 1085 1116 1145 Druen-

174 1162 244 1219 tiam
270 1163 379 1220 flumen
400 1164 540 1239 pervenit.
588 1162 617 1220 ls
637 1174 665 1221 et
687 1164 748 1239 ipse
769 1165 896 1240 Alpinus
916 1167 1010 1223 amnis
1033 1166 1117 1243 louge
1130 1176 1167 1231 10

172 1242 305 1298 omnium
321 1240 426 1299 Galliae
447 1243 600 1299 fluminum
616 1243 804 1301 difficillimus
819 1246 942 1302 transitu
955 1256 1017 1303 est:
1038 1264 1116 1316 nam,

173 1338 244 1377 cum
260 1338 345 1396 aquae
358 1321 418 1376 vim
429 1321 514 1379 vehat
528 1322 685 1398 ingentem,
694 1340 751 1379 non
765 1332 862 1379 tamen
870 1325 991 1382 navium
1005 1326 1118 1401 patiens

172 1408 225 1469 est,
235 1400 307 1475 quia
317 1399 407 1457 nullis
418 1401 563 1458 coercitus
576 1401 655 1477 ripis,
667 1401 800 1477 pluribus
807 1400 894 1458 simul
907 1420 1001 1477 neque
1014 1402 1118 1459 iisdem

172 1477 267 1535 alveis
280 1479 384 1547 fluens,
399 1497 475 1537 nova
488 1497 603 1556 semper
615 1478 691 1536 vada
704 1496 850 1556 novosque
869 1483 1070 1557 gurgites—et
1081 1482 1118 1538 ob

171 1556 277 1615 eadem
291 1558 379 1634 pediti
388 1577 502 1633 quoque
516 1559 628 1616 incerta
638 1559 687 1616 via
700 1557 820 1615 est—ad
835 1557 889 1616 hoc
903 1578 973 1616 saxa
986 1558 1118 1635 glareosa
1129 1571 1166 1626 15

171 1637 303 1706 volvens,
324 1637 397 1694 nihil
421 1638 523 1695 stabile
537 1656 592 1695 uec
613 1647 708 1695 tutum
728 1637 901 1715 ingredienti
921 1638 1037 1714 praebet.
1077 1638 1119 1696 Et

171 1725 247 1785 tum,
270 1715 342 1774 forte
363 1716 503 1773 imbribus
533 1726 646 1786 auctus,
667 1718 816 1793 ingentem
842 1716 1119 1794 transgredientibus

171 1796 332 1852 tumultum
357 1795 434 1865 fecit,
458 1814 526 1853 cum
539 1810 638 1871 vsuper
662 1806 761 1854 cetera
781 1796 967 1873 trepidatione
987 1797 1042 1873 ipsi
1062 1815 1118 1854 sua

172 1884 262 1950 atque
276 1876 394 1932 incertis
408 1873 584 1932 clamoribus
597 1875 793 1933 turbarentur.

213 1952 341 2013 XXXII.
377 1952 411 2011 P.
439 1953 592 2011 Cornelius
619 1954 730 2022 consul,
757 1954 852 2011 triduo
879 1952 939 2012 fere
967 1965 1117 2031 postquam
1126 1964 1166 2018 20

172 2031 323 2090 Hannibal
351 2053 370 2089 a
398 2034 461 2109 ripa
489 2032 619 2089 Rhodani
647 2034 744 2101 movit,
772 2033 910 2108 quadrato
938 2035 1052 2110 agmine
1081 2034 1117 2091 ad

172 2123 271 2170 castra
285 2114 409 2170 hostium
419 2123 546 2181 venerat,
558 2112 669 2169 nullam
680 2111 836 2169 dimicandi
850 2130 961 2169 moram
975 2111 1115 2169 facturus

172 2191 313 2249 Ceterum
339 2192 388 2248 ubi
412 2191 526 2248 deserta
550 2192 729 2248 munimenta
755 2208 811 2248 neo
836 2190 922 2249 facile
946 2210 977 2248 se
1004 2202 1117 2249 tantum

171 2288 342 2347 progressos
367 2280 569 2327 assecuturum
590 2270 676 2339 videt,
700 2268 736 2326 ad
757 2288 837 2327 mare
857 2289 893 2328 ac
912 2289 1003 2329 naves
1023 2271 1115 2340 rediit,

171 2351 265 2407 tutius
289 2348 463 2424 faciliusque
487 2349 527 2405 ita
547 2348 732 2406 descendenti
753 2348 789 2404 ab
809 2348 935 2425 Alpibus
956 2347 1116 2407 Hannibali
1126 2359 1165 2412 25

172 2446 362 2486 occursurus.
405 2427 453 2485 Ne
474 2437 570 2484 tamen
584 2427 662 2484 nuda
676 2427 794 2485 auxiliis
815 2426 953 2485 Romanis
973 2428 1116 2506 Hispania

172 2518 258 2577 esset,
274 2525 362 2583 quarn
385 2505 564 2583 provinciam
584 2507 700 2563 sortitus
720 2514 790 2574 erat,
805 2505 859 2563 Cn.
875 2506 1040 2581 Scipionem
1058 2506 1115 2563 fra-

171 2596 248 2643 trem
263 2604 333 2643 cum
348 2586 475 2642 maxima
489 2596 570 2661 parte
585 2585 734 2660 copiarum
749 2582 888 2639 adversus
901 2583 1117 2641 Hasdrubalem

172 2665 260 2733 misit,
276 2683 333 2721 non
348 2664 384 2721 ad
407 2664 528 2721 tuendos
548 2661 743 2721 tantummodo
759 2670 873 2737 veteres
893 2662 985 2719 socios
999 2661 1115 2719 coucili-

173 2744 321 2819 andosque
342 2761 440 2813 novos,
456 2742 506 2800 sed
530 2741 668 2800 etiamad
693 2739 858 2817 pellendum
879 2738 1021 2815 Hispania
1041 2739 1115 2798 Has-
1127 2750 1166 2804 3ο

173 2821 343 2879 drubalem:
375 2823 436 2898 ipse
459 2841 527 2879 cum
553 2820 705 2878 admodum
728 2819 842 2895 exiguis
864 2819 954 2895 copiis
982 2819 1117 2876 Genuam

174 2902 286 2979 repetit,
301 2920 344 2972 eo,
362 2902 411 2978 qui
431 2902 511 2959 circa
530 2900 640 2957 Padum
655 2909 730 2971 erat,
741 2898 871 2956 exercitu
892 2896 1005 2956 Italiam
1019 2897 1116 2957 defen-

174 2999 271 3039 surus.

214 3058 364 3117 Hannibal
390 3060 426 3117 ab
453 3057 597 3117 Druentia
621 3058 776 3136 campestri
800 3058 926 3116 maxime
950 3059 1052 3117 itinere
1081 3059 1117 3117 ad
1166 3119 1170 3128 ,

175 3138 268 3216 Alpes
287 3158 357 3196 cum
371 3139 445 3195 bona
462 3156 535 3214 pace
550 3138 737 3195 incolentium
751 3156 787 3194 ea
805 3136 870 3195 loca
887 3137 1039 3195 Gallorum
1053 3159 1115 3216 per.
1127 3148 1166 3201 35

176 3220 263 3276 venit.
320 3216 410 3287 Tum,
435 3235 611 3292 quamquam
639 3215 718 3273 fama
745 3217 834 3293 prius,
863 3236 921 3294 qua
947 3218 1059 3274 incerta
1086 3220 1116 3276 in

176 3298 270 3373 majus
284 3313 354 3355 vero
369 3295 438 3353 ferri
453 3296 552 3364 solent,
571 3306 714 3371 praecepta
728 3314 775 3352 res
796 3305 867 3364 erat,
887 3304 983 3351 tamen
997 3314 1033 3351 ex
1054 3315 1115 3371 pro-

174 3376 282 3451 pinquo
289 3376 353 3432 visa
363 3376 502 3432 montium
514 3373 632 3431 altitudo
641 3376 780 3450 nivesque
791 3372 862 3429 caelo
873 3391 958 3450 prope
969 3373 1116 3446 immixtae,

179 3463 250 3512 tecta
264 3452 400 3511 informia
415 3454 544 3529 imposita
559 3452 688 3530 rupibus,
698 3470 803 3529 pecora
813 3451 1001 3526 jumentaque
1010 3452 1118 3510 torrida

179 3531 292 3610 frigore,
309 3530 438 3590 hbmines
453 3532 556 3589 intonsi
571 3542 599 3589 et
612 3532 725 3600 inculti,
741 3529 878 3587 animalia
892 3530 1117 3606 inanimaliaque
1128 3539 1166 3593 40

176 3614 273 3669 omnia
301 3613 425 3689 rigentia
452 3612 529 3686 gelu,
558 3621 656 3669 cetera
684 3612 749 3667 visu
773 3627 860 3684 quam
885 3607 964 3665 dictu
987 3607 1117 3680 foediora,

180 3699 315 3748 terrorem
331 3700 515 3747 renovarunt.
545 3689 733 3766 Erigentibus
747 3689 776 3743 iu
790 3688 896 3764 primos
910 3705 1014 3763 agmen
1028 3689 1119 3747 clivos

180 3778 376 3845 apparuerunt
388 3769 570 3826 imminentes
585 3767 712 3825 tumulos
732 3766 887 3824 insidentes
907 3768 1042 3837 montani,
1057 3768 1117 3844 qui,

180 3850 202 3905 si
216 3849 309 3906 valles
322 3848 495 3907 occultiores
509 3847 687 3917 insedissent,
702 3847 789 3904 coorti
804 3845 840 3902 ad
861 3864 987 3924 pugnam
1002 3862 1129 3922 repente
