2717 4292
440 311 527 352 uranu
547 313 620 353 mr.
662 312 728 353 cur.
747 313 875 365 cunm.
919 365 923 372 ,
1092 306 1149 368 185

157 440 264 499 fecisse
289 439 388 498 foveas
410 442 621 518 obruentesque
643 461 696 500 ora
719 443 882 518 superjecta
906 443 995 501 humo
1014 444 1103 502 iuter.

158 520 282 577 clusisse
303 521 438 596 spiritum
458 522 623 598 apparebat.
666 521 815 598 Praecipue
840 523 980 581 convertit
1002 543 1103 582 omnes

81 663 90 676 ·
158 599 326 673 subtractus
341 600 472 657 Numida
487 612 598 658 mortuo
611 603 847 677 superincubanti
862 602 993 660 Romano
1008 604 1101 674 vivae,

158 695 229 734 naso
244 680 421 755 auribusque
442 680 596 752 laceratis;
619 701 696 751 oum,
719 681 851 738 manibus
873 681 908 738 nd
930 683 1102 759 capiendum

157 757 250 814 telum
271 758 431 822 inutilibus,
445 761 476 816 in
498 761 607 830 rabiem
628 761 671 816 ira
693 778 785 830 versa,
810 760 945 818 laniando
969 762 1131 822 dentibusb

159 835 269 891 hostem
284 839 467 911 exspirasset.
510 838 575 896 LII.
598 839 703 915 Spoliis
724 839 760 894 ad
785 839 907 895 multum
928 840 985 898 diei
1009 842 1101 910 lectis,

162 912 308 970 Hannibal
324 916 359 972 ad
375 917 486 973 minora
504 916 584 974 ducit
597 929 694 975 castra
714 918 917 994 oppugnanda,
931 929 960 975 et
973 919 1102 976 omniurn

158 994 294 1068 primum,
311 995 429 1052 brachio
449 997 560 1053 flumini
580 998 701 1073 objecto,
717 1015 766 1054 eos
783 997 921 1054 excludit.
963 997 1102 1056 Ceterum

159 1070 196 1127 ab
219 1073 353 1130 omnibus
377 1073 483 1143 labore,
498 1075 615 1151 vigiliis,
640 1076 811 1132 vulneribus
827 1076 915 1132 etiam
936 1073 1020 1133 sessis
1041 1095 1100 1132 ma-

157 1152 250 1208 turior
270 1152 361 1227 ipsius
375 1172 425 1229 spe
439 1153 544 1211 deditio
557 1164 600 1212 est
622 1153 711 1212 facta.
754 1154 845 1224 Pacti,
861 1163 893 1212 ut
913 1173 995 1212 arms
1014 1164 1101 1231 atque
1111 1161 1149 1216 1⁰

157 1247 249 1304 equos
262 1230 417 1302 traderent,
432 1233 573 1309 incapite
594 1232 726 1290 Romana
746 1233 872 1290 trecenis
885 1234 1011 1290 nummis
1031 1253 1100 1309 qua-

158 1307 289 1385 drigatis,
310 1310 340 1365 in
363 1312 456 1368 socios
477 1311 607 1380 ducenis,
622 1312 652 1368 in
676 1330 776 1368 servos
796 1313 933 1382 centenis,
955 1323 984 1370 et
1004 1323 1045 1382 ut,
1066 1332 1101 1370 eo

157 1388 250 1462 pretio
264 1389 417 1464 persoluto,
427 1409 495 1447 cum
509 1391 633 1466 singulis
644 1391 757 1446 abirent
765 1391 951 1459 vestimentis,
960 1393 991 1447 in
1005 1402 1102 1448 castra

157 1465 253 1522 hostes
276 1479 469 1544 acceperunt:
491 1469 645 1544 traditique
670 1471 701 1526 in
722 1468 881 1526 custodiam
905 1487 1003 1526 omues
1023 1479 1100 1539 sunt,
1187 1517 1190 1524 .

157 1563 290 1600 seorsum
304 1548 383 1604 cives
404 1549 542 1621 sociique.
585 1547 664 1604 Dum
678 1548 719 1604 ibi
737 1558 850 1622 tempus
864 1547 976 1615 teritur,
990 1548 1101 1604 interea
1112 1550 1148 1605 15

157 1641 226 1678 cum
242 1642 280 1680 ex
301 1625 457 1701 majoribus
477 1627 588 1695 castris,
604 1628 709 1702 quibus
727 1628 796 1683 satis
816 1626 922 1682 virium
941 1637 991 1682 aut
1012 1626 1101 1683 animi

158 1699 221 1770 fuit,
238 1701 275 1758 ad
295 1713 431 1780 quattuor
446 1705 537 1761 millia
558 1706 706 1763 hominum
721 1715 749 1762 et
770 1704 886 1762 ducenti
907 1705 1027 1779 equites,
1050 1705 1101 1762 alii

158 1781 284 1856 agmine,
309 1783 358 1839 alii
380 1783 468 1858 palati
491 1785 596 1859 passim
619 1802 670 1860 per
693 1803 785 1860 agros,
807 1783 883 1860 quod
905 1783 982 1840 haud
1005 1786 1101 1842 miuus

157 1867 252 1916 tutum
267 1871 339 1931 erat,
354 1862 514 1919 Canusium
528 1862 729 1940 perfugissent,
744 1873 839 1920 cestra
859 1863 922 1938 ipsa
936 1863 972 1918 ab
992 1864 1101 1921 sauciis

158 1939 324 2014 timidisque
349 1941 451 1999 eadem
477 1942 646 2012 conditione,
669 1961 729 2018 qua
756 1943 855 2010 altera,
884 1941 987 1998 tradita
1014 1941 1097 1999 hosti.
1109 1944 1148 2018 20

157 2015 261 2074 Praeda
284 2020 386 2096 ingens
407 2032 490 2096 parta
509 2030 570 2092 est3
593 2031 621 2078 et
643 2031 747 2098 praeter
767 2039 855 2096 equos
870 2021 1002 2094 virosque
1022 2031 1051 2077 et
1074 2021 1100 2077 si

157 2096 228 2172 quid
244 2099 470 2174 argenti—quod
492 2100 650 2176 plurimum
670 2101 701 2156 in
723 2098 849 2176 phaleris
863 2117 1003 2173 equorum
1016 2108 1097 2171 erat;

156 2193 227 2231 nam
249 2176 286 2232 ad
310 2179 486 2235 vescendum
511 2177 586 2235 facto
611 2179 777 2255 perexiguo,
806 2179 906 2253 utique
934 2177 1099 2248 militantes,

157 2255 447 2314 utebantur—omnis
460 2268 558 2314 cetera
572 2257 668 2334 praeda
683 2256 842 2334 diripienda
854 2256 922 2314 data
935 2266 988 2314 est.
1020 2255 1100 2315 Tum

156 2334 315 2408 sepeliendi
329 2354 419 2392 causa
432 2334 557 2394 conferri
576 2337 606 2393 in
620 2355 712 2392 unum
726 2355 846 2413 corpora
859 2354 978 2394 suorum
995 2335 1081 2410 jussit
1091 2356 1098 2393 τ
1108 2339 1147 2393 25

157 2411 194 2467 ad
221 2423 285 2469 octo
313 2415 404 2471 millia
432 2413 521 2472 fuisse
548 2415 686 2473 dicuntur
714 2413 931 2472 fortissimorum
958 2416 1097 2472 virorum.

157 2485 314 2548 Consulem
341 2512 454 2569 quoque
484 2493 647 2551 Romanum
674 2495 868 2568 conquisitum
896 2493 1098 2568 sepultumque

156 2570 276 2644 quidam
291 2583 422 2628 auctores
436 2582 513 2629 sunt.
1002 2626 1004 2632 ,

197 2647 267 2718 Eos,
281 2651 332 2725 qui
352 2650 513 2709 Canusium
527 2649 725 2727 perfugerant,
740 2649 846 2706 mulier
861 2647 969 2722 Apula,
985 2648 1098 2704 nomine

157 2724 246 2798 Busa,
268 2747 376 2805 genere
391 2729 471 2787 clara
486 2749 521 2787 ac
535 2729 650 2798 divitiis,
665 2729 811 2786 moenibus
831 2738 943 2785 tantum
959 2727 1098 2801 tectisque
1109 2729 1148 2784 3⁰

157 2823 176 2861 a
189 2805 345 2864 Canusinis
360 2819 501 2883 acceptos,
516 2807 668 2878 frumento,
684 2818 771 2877 veste,
786 2805 891 2864 viatico
905 2807 993 2862 etiam
1005 2804 1098 2881 juvit:

157 2901 209 2960 pro
222 2904 282 2960 qua
296 2888 324 2943 ei
344 2888 541 2945 munificentia
596 2897 666 2957 stea,
688 2886 764 2944 bello
782 2883 917 2962 perfecto,
939 2885 975 2942 ab
997 2892 1100 2942 senatu

158 2962 281 3021 honores
303 2965 392 3022 babiti
415 2975 493 3024 sunt.
576 2965 628 3024 Ill.
660 2965 806 3035 Ceterum,
829 2984 898 3022 oum
925 2963 965 3021 ibi
991 2964 1100 3023 tribuni

156 3043 283 3098 militum
303 3053 437 3118 quattuor
450 3053 555 3115 essent,
569 3043 679 3102 Fabius
701 3043 848 3102 Maximus
861 3044 896 3101 de
911 3043 1023 3120 legione
1044 3043 1099 3120 pri-

156 3139 214 3190 ma,
229 3121 315 3197 cujus
330 3132 411 3198 pater
424 3125 518 3198 priore
533 3143 607 3182 anno
628 3123 749 3181 dictator
764 3123 867 3193 fuerat,
882 3134 910 3180 et
930 3121 965 3179 de
987 3123 1099 3200 legione
1110 3123 1148 3179 35
1189 3127 1193 3132 “

157 3200 287 3257 secunda
309 3198 345 3257 L.
362 3201 511 3260 Publicius
532 3202 655 3260 Bibulus
676 3213 704 3260 et
728 3203 761 3260 P.
777 3202 929 3261 Cornelius
951 3201 1057 3276 Scipio,
1072 3212 1100 3258 et

157 3277 192 3333 de
207 3279 321 3355 legione
336 3282 419 3337 tertia
433 3282 492 3356 Ap.
502 3277 643 3338 Claudius
657 3281 791 3349 Pulcher,
803 3281 852 3355 qui
867 3281 995 3356 proxime
1009 3279 1101 3336 aedilis

159 3355 263 3426 suerat,
278 3359 408 3415 omnium
421 3379 565 3418 consensu
580 3360 615 3416 ad
636 3360 669 3417 P.
686 3360 849 3435 Scipionem
867 3357 1019 3414 admodum
1035 3357 1099 3413 ado-

157 3432 316 3492 lescentem
331 3448 359 3494 et
380 3437 415 3495 ad
431 3439 489 3514 Ap.
505 3438 661 3497 Claudium
675 3457 789 3495 summa
810 3436 922 3512 imperii
937 3435 1032 3492 delata
1046 3447 1099 3492 est.

158 3511 275 3580 Quibus
303 3517 532 3574 consultantibus
559 3519 634 3574 inter
664 3536 771 3593 paucos
798 3515 833 3572 de
861 3532 974 3570 summa
1003 3532 1101 3570 rerum
1111 3516 1148 3571 110

158 3593 272 3650 nuudat
293 3594 326 3651 P.
349 3593 459 3653 Furius
480 3596 589 3664 Philus,
614 3595 775 3654 consularis
798 3593 852 3650 viri
873 3592 960 3661 filius,
981 3592 1100 3668 nequid·

157 3689 246 3746 quam
261 3692 311 3730 eos
325 3673 465 3749 perditam
476 3695 556 3751 spem
571 3673 676 3742 fovere,
692 3673 872 3749 desperatam
884 3670 1100 3748 comploratam-

159 3768 216 3824 que
230 3769 294 3808 rem
303 3771 366 3809 esse
381 3754 546 3828 publicam:
567 3753 678 3810 nobiles
688 3752 813 3827 juvenes
821 3750 969 3829 quosdam,
978 3768 1101 3826 quorum

156 3829 321 3907 prinoipem
335 3829 372 3890 1..
383 3832 536 3890 Caecilium
550 3830 711 3908 Metellum,
721 3848 801 3889 mare
812 3849 847 3889 ac
855 3848 946 3887 naves
959 3838 1100 3909 spectare,
