<?xml version="1.0" encoding="UTF-8"?>
<!DOCTYPE html PUBLIC "-//W3C//DTD XHTML 1.0 Transitional//EN"
    "http://www.w3.org/TR/xhtml1/DTD/xhtml1-transitional.dtd">
<html xmlns="http://www.w3.org/1999/xhtml" xml:lang="en" lang="en">
 <head>
  <title>
</title>
<meta http-equiv="Content-Type" content="text/html;charset=utf-8" />
  <meta name='ocr-system' content='tesseract 3.04.00' />
  <meta name='ocr-capabilities' content='ocr_page ocr_carea ocr_par ocr_line ocrx_word'/>
</head>
<body>
  <div class='ocr_page' id='page_1' title='image "./selectionsfromf01alscgoog_0070.png"; bbox 0 0 2717 4292; ppageno 0'>
   <div class='ocr_carea' id='block_1_1' title="bbox 193 316 760 402">
    <p class='ocr_par' dir='ltr' id='par_1_1' title="bbox 193 316 760 402">
     <span class='ocr_line' id='line_1_1' title="bbox 193 316 760 402; baseline 0.005 -36"><span class='ocrx_word' id='word_1_1' title='bbox 193 316 233 382; x_wconf 88' lang='lat'>54</span> <span class='ocrx_word' id='word_1_2' title='bbox 607 325 760 402; x_wconf 34' lang='lat' dir='ltr'>rmronrvn</span> 
     </span>
    </p>
   </div>
   <div class='ocr_carea' id='block_1_2' title="bbox 130 456 1186 3533">
    <p class='ocr_par' dir='ltr' id='par_1_2' title="bbox 130 456 1186 3533">
     <span class='ocr_line' id='line_1_2' title="bbox 241 456 1182 538; baseline 0.004 -22"><span class='ocrx_word' id='word_1_3' title='bbox 241 457 318 538; x_wconf 93' lang='lat' dir='ltr'>quod</span> <span class='ocrx_word' id='word_1_4' title='bbox 336 458 422 516; x_wconf 89' lang='lat' dir='ltr'>minis</span> <span class='ocrx_word' id='word_1_5' title='bbox 435 457 576 535; x_wconf 85' lang='lat' dir='ltr'><strong>nequisti:</strong></span> <span class='ocrx_word' id='word_1_6' title='bbox 597 458 719 516; x_wconf 81' lang='lat' dir='ltr'>trecenti</span> <span class='ocrx_word' id='word_1_7' title='bbox 739 456 955 536; x_wconf 77' lang='lat' dir='ltr'>conjuravimus</span> <span class='ocrx_word' id='word_1_8' title='bbox 976 457 1120 538; x_wconf 89' lang='lat' dir='ltr'>principes</span> <span class='ocrx_word' id='word_1_9' title='bbox 1137 460 1182 537; x_wconf 88' lang='lat' dir='ltr'>ju·</span> 
     </span>
     <span class='ocr_line' id='line_1_3' title="bbox 231 537 1184 615; baseline 0.003 -19"><span class='ocrx_word' id='word_1_10' title='bbox 231 538 367 596; x_wconf 82' lang='lat' dir='ltr'>&#39;ventutis</span> <span class='ocrx_word' id='word_1_11' title='bbox 391 537 539 607; x_wconf 85' lang='lat' dir='ltr'>Romanae,</span> <span class='ocrx_word' id='word_1_12' title='bbox 561 547 592 594; x_wconf 92' lang='lat' dir='ltr'>ut</span> <span class='ocrx_word' id='word_1_13' title='bbox 615 537 646 593; x_wconf 92' lang='lat' dir='ltr'>in</span> <span class='ocrx_word' id='word_1_14' title='bbox 667 546 697 615; x_wconf 76' lang='lat' dir='ltr'>te</span> <span class='ocrx_word' id='word_1_15' title='bbox 721 537 777 594; x_wconf 88' lang='lat' dir='ltr'>hac</span> <span class='ocrx_word' id='word_1_16' title='bbox 799 537 847 594; x_wconf 89' lang='lat' dir='ltr'>via</span> <span class='ocrx_word' id='word_1_17' title='bbox 870 556 1089 614; x_wconf 86' lang='lat' dir='ltr'>grassaremur:</span> <span class='ocrx_word' id='word_1_18' title='bbox 1117 559 1184 599; x_wconf 81' lang='lat' dir='ltr'>meu</span> 
     </span>
     <span class='ocr_line' id='line_1_4' title="bbox 241 615 1185 694; baseline 0.005 -22"><span class='ocrx_word' id='word_1_19' title='bbox 241 617 335 694; x_wconf 89' lang='lat' dir='ltr'>prima</span> <span class='ocrx_word' id='word_1_20' title='bbox 348 635 409 674; x_wconf 86' lang='lat' dir='ltr'>sors</span> <span class='ocrx_word' id='word_1_21' title='bbox 420 615 490 684; x_wconf 82' lang='lat' dir='ltr'>fuit:</span> <span class='ocrx_word' id='word_1_22' title='bbox 512 615 611 685; x_wconf 89' lang='lat' dir='ltr'>ceteri,</span> <span class='ocrx_word' id='word_1_23' title='bbox 624 624 781 692; x_wconf 90' lang='lat' dir='ltr'>utcumque</span> <span class='ocrx_word' id='word_1_24' title='bbox 795 616 932 678; x_wconf 73' lang='lat' dir='ltr'>ceciderit</span> <span class='ocrx_word' id='word_1_25' title='bbox 943 617 1036 693; x_wconf 89' lang='lat' dir='ltr'>primi,</span> <span class='ocrx_word' id='word_1_26' title='bbox 1048 618 1142 693; x_wconf 90' lang='lat' dir='ltr'>quoad</span> <span class='ocrx_word' id='word_1_27' title='bbox 1156 629 1185 678; x_wconf 86' lang='lat' dir='ltr'>te</span> 
     </span>
     <span class='ocr_line' id='line_1_5' title="bbox 241 693 1184 772; baseline 0.002 -19"><span class='ocrx_word' id='word_1_28' title='bbox 241 716 276 772; x_wconf 93' lang='lat' dir='ltr'>cp</span> <span class='ocrx_word' id='word_1_29' title='bbox 314 706 431 753; x_wconf 88' lang='lat' dir='ltr'>rtunum</span> <span class='ocrx_word' id='word_1_30' title='bbox 443 693 557 752; x_wconf 83' lang='lat' dir='ltr'>fortuna</span> <span class='ocrx_word' id='word_1_31' title='bbox 568 694 686 763; x_wconf 88' lang='lat' dir='ltr'>dederit,</span> <span class='ocrx_word' id='word_1_32' title='bbox 695 713 748 751; x_wconf 93' lang='lat' dir='ltr'>suo</span> <span class='ocrx_word' id='word_1_33' title='bbox 756 695 879 771; x_wconf 90' lang='lat' dir='ltr'>quisque</span> <span class='ocrx_word' id='word_1_34' title='bbox 890 705 1016 771; x_wconf 91' lang='lat' dir='ltr'>tempore</span> <span class='ocrx_word' id='word_1_35' title='bbox 1027 697 1184 755; x_wconf 88' lang='lat' dir='ltr'>ederunt.&#39;¹</span> 
     </span>
     <span class='ocr_line' id='line_1_6' title="bbox 212 715 1184 848; baseline -0.001 -14"><span class='ocrx_word' id='word_1_36' title='bbox 212 715 322 834; x_wconf 77' lang='lat' dir='ltr'>5Xlll.</span> <span class='ocrx_word' id='word_1_37' title='bbox 346 774 480 831; x_wconf 83' lang='lat' dir='ltr'>Mucium</span> <span class='ocrx_word' id='word_1_38' title='bbox 490 772 649 842; x_wconf 89' lang='lat' dir='ltr'>dimissum,</span> <span class='ocrx_word' id='word_1_39' title='bbox 662 774 712 830; x_wconf 90' lang='lat' dir='ltr'>cui</span> <span class='ocrx_word' id='word_1_40' title='bbox 725 785 823 848; x_wconf 88' lang='lat' dir='ltr'>postea</span> <span class='ocrx_word' id='word_1_41' title='bbox 833 773 973 830; x_wconf 75' lang='lat' dir='ltr'>Scaevolae</span> <span class='ocrx_word' id='word_1_42' title='bbox 986 793 1004 830; x_wconf 93' lang='lat' dir='ltr'>a</span> <span class='ocrx_word' id='word_1_43' title='bbox 1018 775 1101 832; x_wconf 91' lang='lat' dir='ltr'>clade</span> <span class='ocrx_word' id='word_1_44' title='bbox 1116 776 1184 833; x_wconf 86' lang='lat' dir='ltr'>dex-</span> 
     </span>
     <span class='ocr_line' id='line_1_7' title="bbox 240 852 1184 929; baseline -0.001 -18"><span class='ocrx_word' id='word_1_45' title='bbox 240 862 293 911; x_wconf 87' lang='lat' dir='ltr'>trae</span> <span class='ocrx_word' id='word_1_46' title='bbox 314 872 424 910; x_wconf 88' lang='lat' dir='ltr'>manus·</span> <span class='ocrx_word' id='word_1_47' title='bbox 438 871 597 929; x_wconf 84' lang='lat' dir='ltr'>cognomen</span> <span class='ocrx_word' id='word_1_48' title='bbox 618 852 751 923; x_wconf 90' lang='lat' dir='ltr'>inditum,</span> <span class='ocrx_word' id='word_1_49' title='bbox 773 853 862 929; x_wconf 92' lang='lat' dir='ltr'>legati</span> <span class='ocrx_word' id='word_1_50' title='bbox 883 872 900 910; x_wconf 91' lang='lat' dir='ltr'>a</span> <span class='ocrx_word' id='word_1_51' title='bbox 920 852 1039 910; x_wconf 84' lang='lat' dir='ltr'>Porsina</span> <span class='ocrx_word' id='word_1_52' title='bbox 1059 853 1184 912; x_wconf 85' lang='lat' dir='ltr'>Romam</span> 
     </span>
     <span class='ocr_line' id='line_1_8' title="bbox 240 931 1185 1009; baseline 0.001 -20"><span class='ocrx_word' id='word_1_53' title='bbox 240 934 335 991; x_wconf 82' lang='lat' dir='ltr'>secuti·</span> <span class='ocrx_word' id='word_1_54' title='bbox 353 943 436 989; x_wconf 89' lang='lat' dir='ltr'>sunt:</span> <span class='ocrx_word' id='word_1_55' title='bbox 459 931 529 989; x_wconf 88' lang='lat' dir='ltr'>adeo</span> <span class='ocrx_word' id='word_1_56' title='bbox 550 941 678 989; x_wconf 88' lang='lat' dir='ltr'>moverat</span> <span class='ocrx_word' id='word_1_57' title='bbox 699 949 767 988; x_wconf 91' lang='lat' dir='ltr'>eum</span> <span class='ocrx_word' id='word_1_58' title='bbox 787 942 816 988; x_wconf 92' lang='lat' dir='ltr'>et</span> <span class='ocrx_word' id='word_1_59' title='bbox 837 932 923 1008; x_wconf 90' lang='lat' dir='ltr'>primi</span> <span class='ocrx_word' id='word_1_60' title='bbox 943 932 1065 1009; x_wconf 90' lang='lat' dir='ltr'>periculi</span> <span class='ocrx_word' id='word_1_61' title='bbox 1087 952 1185 1005; x_wconf 62' lang='lat' dir='ltr'>casus</span> 
     </span>
     <span class='ocr_line' id='line_1_9' title="bbox 240 1008 1184 1088; baseline 0 -19"><span class='ocrx_word' id='word_1_62' title='bbox 240 1030 298 1088; x_wconf 92' lang='lat' dir='ltr'>quo</span> <span class='ocrx_word' id='word_1_63' title='bbox 316 1011 388 1069; x_wconf 90' lang='lat' dir='ltr'>nihil</span> <span class='ocrx_word' id='word_1_64' title='bbox 414 1029 445 1068; x_wconf 90' lang='lat' dir='ltr'>se</span> <span class='ocrx_word' id='word_1_65' title='bbox 467 1020 572 1086; x_wconf 89' lang='lat' dir='ltr'>praeter</span> <span class='ocrx_word' id='word_1_66' title='bbox 590 1028 717 1068; x_wconf 91' lang='lat' dir='ltr'>errorem</span> <span class='ocrx_word' id='word_1_67' title='bbox 736 1008 908 1068; x_wconf 86' lang='lat' dir='ltr'>insidiatoris</span> <span class='ocrx_word' id='word_1_68' title='bbox 928 1011 1053 1080; x_wconf 85' lang='lat' dir='ltr'>texisset,</span> <span class='ocrx_word' id='word_1_69' title='bbox 1069 1022 1097 1068; x_wconf 93' lang='lat' dir='ltr'>et</span> <span class='ocrx_word' id='word_1_70' title='bbox 1117 1014 1184 1069; x_wconf 91' lang='lat' dir='ltr'>sub-</span> 
     </span>
     <span class='ocr_line' id='line_1_10' title="bbox 202 1088 1185 1168; baseline 0.001 -21"><span class='ocrx_word' id='word_1_71' title='bbox 202 1147 216 1168; x_wconf 43' lang='lat'>„</span> <span class='ocrx_word' id='word_1_72' title='bbox 240 1090 336 1148; x_wconf 87' lang='lat' dir='ltr'>cunda</span> <span class='ocrx_word' id='word_1_73' title='bbox 350 1090 494 1147; x_wconf 88' lang='lat' dir='ltr'>dimicatio</span> <span class='ocrx_word' id='word_1_74' title='bbox 508 1090 599 1160; x_wconf 88' lang='lat' dir='ltr'>toties,</span> <span class='ocrx_word' id='word_1_75' title='bbox 614 1097 683 1166; x_wconf 91' lang='lat' dir='ltr'>quot</span> <span class='ocrx_word' id='word_1_76' title='bbox 696 1088 839 1164; x_wconf 90' lang='lat' dir='ltr'>conjurati</span> <span class='ocrx_word' id='word_1_77' title='bbox 853 1100 1044 1165; x_wconf 86' lang='lat' dir='ltr'>superessent,</span> <span class='ocrx_word' id='word_1_78' title='bbox 1057 1100 1089 1148; x_wconf 89' lang='lat' dir='ltr'>ut</span> <span class='ocrx_word' id='word_1_79' title='bbox 1103 1093 1185 1166; x_wconf 86' lang='lat' dir='ltr'>pacis</span> 
     </span>
     <span class='ocr_line' id='line_1_11' title="bbox 193 1167 1184 1229; baseline -0.002 -1"><span class='ocrx_word' id='word_1_80' title='bbox 193 1173 230 1229; x_wconf 88' lang='lat'>10</span> <span class='ocrx_word' id='word_1_81' title='bbox 241 1169 416 1226; x_wconf 88' lang='lat' dir='ltr'>conditiones</span> <span class='ocrx_word' id='word_1_82' title='bbox 430 1169 505 1226; x_wconf 89' lang='lat' dir='ltr'>ultro</span> <span class='ocrx_word' id='word_1_83' title='bbox 520 1167 608 1226; x_wconf 87' lang='lat' dir='ltr'>ferret</span> <span class='ocrx_word' id='word_1_84' title='bbox 622 1168 771 1225; x_wconf 85' lang='lat' dir='ltr'>Romanis.</span> <span class='ocrx_word' id='word_1_85' title='bbox 812 1167 830 1226; x_wconf 87' lang='lat' dir='ltr'>J</span> <span class='ocrx_word' id='word_1_86' title='bbox 832 1177 959 1226; x_wconf 87' lang='lat' dir='ltr'>actatum</span> <span class='ocrx_word' id='word_1_87' title='bbox 973 1169 1003 1225; x_wconf 93' lang='lat' dir='ltr'>in</span> <span class='ocrx_word' id='word_1_88' title='bbox 1017 1170 1184 1227; x_wconf 87' lang='lat' dir='ltr'>conditioni-</span> 
     </span>
     <span class='ocr_line' id='line_1_12' title="bbox 240 1246 1184 1326; baseline 0.002 -22"><span class='ocrx_word' id='word_1_89' title='bbox 240 1247 295 1305; x_wconf 88' lang='lat' dir='ltr'>bus</span> <span class='ocrx_word' id='word_1_90' title='bbox 318 1247 515 1324; x_wconf 84' lang='lat' dir='ltr'>nequidquam</span> <span class='ocrx_word' id='word_1_91' title='bbox 539 1246 574 1306; x_wconf 94' lang='lat' dir='ltr'>de</span> <span class='ocrx_word' id='word_1_92' title='bbox 599 1246 769 1324; x_wconf 85' lang='lat' dir='ltr'>Tarquiniis</span> <span class='ocrx_word' id='word_1_93' title='bbox 791 1247 823 1304; x_wconf 90' lang='lat' dir='ltr'>in</span> <span class='ocrx_word' id='word_1_94' title='bbox 847 1265 970 1326; x_wconf 90' lang='lat' dir='ltr'>regnum</span> <span class='ocrx_word' id='word_1_95' title='bbox 991 1249 1184 1319; x_wconf 88' lang='lat' dir='ltr'>restituendis,</span> 
     </span>
     <span class='ocr_line' id='line_1_13' title="bbox 240 1326 1184 1404; baseline 0.003 -22"><span class='ocrx_word' id='word_1_96' title='bbox 240 1327 343 1404; x_wconf 86' lang='lat' dir='ltr'>magis,</span> <span class='ocrx_word' id='word_1_97' title='bbox 357 1327 427 1404; x_wconf 91' lang='lat' dir='ltr'>qnia</span> <span class='ocrx_word' id='word_1_98' title='bbox 448 1326 478 1384; x_wconf 93' lang='lat' dir='ltr'>id</span> <span class='ocrx_word' id='word_1_99' title='bbox 499 1344 608 1402; x_wconf 88' lang='lat' dir='ltr'>negare</span> <span class='ocrx_word' id='word_1_100' title='bbox 629 1327 691 1403; x_wconf 91' lang='lat' dir='ltr'>ipse</span> <span class='ocrx_word' id='word_1_101' title='bbox 711 1327 883 1403; x_wconf 88' lang='lat' dir='ltr'>nequiverat</span> <span class='ocrx_word' id='word_1_102' title='bbox 902 1326 1080 1404; x_wconf 81' lang='lat' dir='ltr'>Tarquiniis,</span> <span class='ocrx_word' id='word_1_103' title='bbox 1095 1347 1184 1403; x_wconf 88' lang='lat' dir='ltr'>qnam</span> 
     </span>
     <span class='ocr_line' id='line_1_14' title="bbox 239 1405 1183 1484; baseline 0.003 -23"><span class='ocrx_word' id='word_1_104' title='bbox 239 1405 316 1482; x_wconf 92' lang='lat' dir='ltr'>quod</span> <span class='ocrx_word' id='word_1_105' title='bbox 326 1415 465 1483; x_wconf 88' lang='lat' dir='ltr'>negatum</span> <span class='ocrx_word' id='word_1_106' title='bbox 479 1405 516 1462; x_wconf 91' lang='lat' dir='ltr'>iri</span> <span class='ocrx_word' id='word_1_107' title='bbox 530 1406 584 1462; x_wconf 89' lang='lat' dir='ltr'>sibi</span> <span class='ocrx_word' id='word_1_108' title='bbox 599 1407 635 1462; x_wconf 90' lang='lat' dir='ltr'>ab</span> <span class='ocrx_word' id='word_1_109' title='bbox 650 1406 789 1464; x_wconf 86' lang='lat' dir='ltr'>Romanis</span> <span class='ocrx_word' id='word_1_110' title='bbox 800 1406 962 1483; x_wconf 84' lang='lat' dir='ltr'>ignoraret:</span> <span class='ocrx_word' id='word_1_111' title='bbox 984 1406 1019 1463; x_wconf 90' lang='lat' dir='ltr'>de</span> <span class='ocrx_word' id='word_1_112' title='bbox 1034 1425 1104 1484; x_wconf 89' lang='lat' dir='ltr'>agro</span> <span class='ocrx_word' id='word_1_113' title='bbox 1115 1407 1183 1465; x_wconf 90' lang='lat' dir='ltr'>Vei-</span> 
     </span>
     <span class='ocr_line' id='line_1_15' title="bbox 239 1485 1186 1561; baseline 0.004 -21"><span class='ocrx_word' id='word_1_114' title='bbox 239 1485 354 1542; x_wconf 86' lang='lat' dir='ltr'>entibus</span> <span class='ocrx_word' id='word_1_115' title='bbox 381 1485 557 1543; x_wconf 88' lang='lat' dir='ltr'>restituendo</span> <span class='ocrx_word' id='word_1_116' title='bbox 582 1485 777 1560; x_wconf 91' lang='lat' dir='ltr'>impetratum,</span> <span class='ocrx_word' id='word_1_117' title='bbox 806 1503 1000 1561; x_wconf 87' lang='lat' dir='ltr'>expressaque</span> <span class='ocrx_word' id='word_1_118' title='bbox 1027 1487 1186 1545; x_wconf 83' lang='lat' dir='ltr'>necessitas</span> 
     </span>
     <span class='ocr_line' id='line_1_16' title="bbox 193 1562 1185 1641; baseline 0.002 -20"><span class='ocrx_word' id='word_1_119' title='bbox 193 1565 229 1621; x_wconf 83' lang='lat'>15</span> <span class='ocrx_word' id='word_1_120' title='bbox 239 1563 352 1621; x_wconf 88' lang='lat' dir='ltr'>obsides</span> <span class='ocrx_word' id='word_1_121' title='bbox 379 1564 469 1621; x_wconf 92' lang='lat' dir='ltr'>dandi·</span> <span class='ocrx_word' id='word_1_122' title='bbox 492 1564 640 1633; x_wconf 87' lang='lat' dir='ltr'>Romanis,</span> <span class='ocrx_word' id='word_1_123' title='bbox 665 1565 691 1621; x_wconf 89' lang='lat' dir='ltr'>si</span> <span class='ocrx_word' id='word_1_124' title='bbox 717 1562 853 1621; x_wconf 85' lang='lat' dir='ltr'>Janiculo</span> <span class='ocrx_word' id='word_1_125' title='bbox 880 1563 1046 1641; x_wconf 87' lang='lat' dir='ltr'>praesidium</span> <span class='ocrx_word' id='word_1_126' title='bbox 1060 1620 1063 1625; x_wconf 81' lang='grc'>,</span> <span class='ocrx_word' id='word_1_127' title='bbox 1079 1564 1185 1623; x_wconf 88' lang='lat' dir='ltr'>deduci</span> 
     </span>
     <span class='ocr_line' id='line_1_17' title="bbox 240 1642 1186 1720; baseline 0.004 -22"><span class='ocrx_word' id='word_1_128' title='bbox 240 1642 357 1700; x_wconf 86' lang='lat' dir='ltr'>vellent.</span> <span class='ocrx_word' id='word_1_129' title='bbox 400 1642 456 1700; x_wconf 89' lang='lat' dir='ltr'>His</span> <span class='ocrx_word' id='word_1_130' title='bbox 470 1643 678 1700; x_wconf 88' lang='lat' dir='ltr'>conditionibus</span> <span class='ocrx_word' id='word_1_131' title='bbox 699 1643 855 1720; x_wconf 90' lang='lat' dir='ltr'>composita</span> <span class='ocrx_word' id='word_1_132' title='bbox 875 1662 956 1720; x_wconf 92' lang='lat' dir='ltr'>pace,</span> <span class='ocrx_word' id='word_1_133' title='bbox 971 1644 1132 1701; x_wconf 86' lang='lat' dir='ltr'>exercitum</span> <span class='ocrx_word' id='word_1_134' title='bbox 1147 1645 1186 1702; x_wconf 86' lang='lat' dir='ltr'>ab</span> 
     </span>
     <span class='ocr_line' id='line_1_18' title="bbox 210 1717 1186 1798; baseline 0.006 -22"><span class='ocrx_word' id='word_1_135' title='bbox 210 1771 218 1786; x_wconf 83' lang='grc'><em>,</em></span> <span class='ocrx_word' id='word_1_136' title='bbox 239 1719 256 1776; x_wconf 86' lang='lat' dir='ltr'>J</span> <span class='ocrx_word' id='word_1_137' title='bbox 259 1717 375 1778; x_wconf 86' lang='lat' dir='ltr'>aniculc</span> <span class='ocrx_word' id='word_1_138' title='bbox 389 1721 508 1778; x_wconf 88' lang='lat' dir='ltr'>deduxit</span> <span class='ocrx_word' id='word_1_139' title='bbox 522 1721 649 1792; x_wconf 86' lang='lat' dir='ltr'>Porsina,</span> <span class='ocrx_word' id='word_1_140' title='bbox 662 1732 691 1779; x_wconf 94' lang='lat' dir='ltr'>et</span> <span class='ocrx_word' id='word_1_141' title='bbox 701 1740 772 1798; x_wconf 89' lang='lat' dir='ltr'>agro</span> <span class='ocrx_word' id='word_1_142' title='bbox 783 1721 914 1779; x_wconf 90' lang='lat' dir='ltr'>Romano</span> <span class='ocrx_word' id='word_1_143' title='bbox 927 1723 1061 1780; x_wconf 87' lang='lat' dir='ltr'>excessit.</span> <span class='ocrx_word' id='word_1_144' title='bbox 1083 1723 1186 1782; x_wconf 87' lang='lat' dir='ltr'>Patres</span> 
     </span>
     <span class='ocr_line' id='line_1_19' title="bbox 239 1798 1184 1878; baseline 0.004 -22"><span class='ocrx_word' id='word_1_145' title='bbox 239 1798 274 1856; x_wconf 86' lang='lat' dir='ltr'>C.</span> <span class='ocrx_word' id='word_1_146' title='bbox 296 1798 403 1868; x_wconf 88' lang='lat' dir='ltr'>Mucio,</span> <span class='ocrx_word' id='word_1_147' title='bbox 419 1801 533 1858; x_wconf 91' lang='lat' dir='ltr'>virtutis</span> <span class='ocrx_word' id='word_1_148' title='bbox 554 1820 652 1869; x_wconf 87' lang='lat' dir='ltr'>causa,</span> <span class='ocrx_word' id='word_1_149' title='bbox 668 1811 748 1859; x_wconf 90' lang='lat' dir='ltr'>trans</span> <span class='ocrx_word' id='word_1_150' title='bbox 769 1800 901 1858; x_wconf 85' lang='lat' dir='ltr'>Tiberim</span> <span class='ocrx_word' id='word_1_151' title='bbox 921 1815 1025 1878; x_wconf 88' lang='lat' dir='ltr'>agrum</span> <span class='ocrx_word' id='word_1_152' title='bbox 1047 1802 1120 1861; x_wconf 93' lang='lat' dir='ltr'>dono</span> <span class='ocrx_word' id='word_1_153' title='bbox 1136 1803 1184 1860; x_wconf 90' lang='lat' dir='ltr'>de-</span> 
     </span>
     <span class='ocr_line' id='line_1_20' title="bbox 201 1875 1186 1960; baseline 0.007 -27"><span class='ocrx_word' id='word_1_154' title='bbox 201 1937 204 1946; x_wconf 45' lang='lat'>,</span> <span class='ocrx_word' id='word_1_155' title='bbox 240 1875 318 1947; x_wconf 86' lang='lat' dir='ltr'>dere,</span> <span class='ocrx_word' id='word_1_156' title='bbox 334 1896 399 1954; x_wconf 82' lang='lat' dir='ltr'>quae</span> <span class='ocrx_word' id='word_1_157' title='bbox 420 1888 518 1954; x_wconf 91' lang='lat' dir='ltr'>postea</span> <span class='ocrx_word' id='word_1_158' title='bbox 538 1889 605 1937; x_wconf 88' lang='lat' dir='ltr'>sunt</span> <span class='ocrx_word' id='word_1_159' title='bbox 620 1879 721 1938; x_wconf 92' lang='lat' dir='ltr'>Mucia</span> <span class='ocrx_word' id='word_1_160' title='bbox 739 1890 822 1957; x_wconf 89' lang='lat' dir='ltr'>prata</span> <span class='ocrx_word' id='word_1_161' title='bbox 844 1881 996 1957; x_wconf 85' lang='lat' dir='ltr'>appellata.</span> <span class='ocrx_word' id='word_1_162' title='bbox 1039 1881 1127 1960; x_wconf 86' lang='lat' dir='ltr'>Ergo,</span> <span class='ocrx_word' id='word_1_163' title='bbox 1142 1883 1186 1940; x_wconf 88' lang='lat' dir='ltr'>ita</span> 
     </span>
     <span class='ocr_line' id='line_1_21' title="bbox 130 1956 1184 2037; baseline 0.001 -20"><span class='ocrx_word' id='word_1_164' title='bbox 130 1989 132 1992; x_wconf 95' lang='lat'>·</span> <span class='ocrx_word' id='word_1_165' title='bbox 191 1956 377 2017; x_wconf 73' lang='lat' dir='ltr'>20honorata</span> <span class='ocrx_word' id='word_1_166' title='bbox 398 1959 512 2027; x_wconf 91' lang='lat' dir='ltr'>virtute,</span> <span class='ocrx_word' id='word_1_167' title='bbox 529 1957 644 2016; x_wconf 77' lang='lat' dir='ltr'>feminae</span> <span class='ocrx_word' id='word_1_168' title='bbox 664 1978 778 2035; x_wconf 91' lang='lat' dir='ltr'>quoqne</span> <span class='ocrx_word' id='word_1_169' title='bbox 798 1959 835 2016; x_wconf 90' lang='lat' dir='ltr'>ad</span> <span class='ocrx_word' id='word_1_170' title='bbox 855 1960 973 2037; x_wconf 90' lang='lat' dir='ltr'>publica</span> <span class='ocrx_word' id='word_1_171' title='bbox 986 1959 1091 2018; x_wconf 90' lang='lat' dir='ltr'>decora</span> <span class='ocrx_word' id='word_1_172' title='bbox 1105 1962 1184 2019; x_wconf 86' lang='lat' dir='ltr'>exci-</span> 
     </span>
     <span class='ocr_line' id='line_1_22' title="bbox 239 2036 1185 2114; baseline 0.007 -22"><span class='ocrx_word' id='word_1_173' title='bbox 239 2045 322 2094; x_wconf 84' lang='lat' dir='ltr'>tatae:</span> <span class='ocrx_word' id='word_1_174' title='bbox 344 2046 373 2094; x_wconf 93' lang='lat' dir='ltr'>et</span> <span class='ocrx_word' id='word_1_175' title='bbox 382 2036 489 2095; x_wconf 83' lang='lat' dir='ltr'>Cloelia</span> <span class='ocrx_word' id='word_1_176' title='bbox 500 2039 589 2114; x_wconf 88' lang='lat' dir='ltr'>virgo,</span> <span class='ocrx_word' id='word_1_177' title='bbox 603 2057 661 2096; x_wconf 91' lang='lat' dir='ltr'>una</span> <span class='ocrx_word' id='word_1_178' title='bbox 675 2057 712 2096; x_wconf 88' lang='lat' dir='ltr'>ex</span> <span class='ocrx_word' id='word_1_179' title='bbox 722 2039 876 2109; x_wconf 90' lang='lat' dir='ltr'>obsidibus,</span> <span class='ocrx_word' id='word_1_180' title='bbox 888 2058 957 2096; x_wconf 89' lang='lat' dir='ltr'>cnm</span> <span class='ocrx_word' id='word_1_181' title='bbox 970 2049 1067 2097; x_wconf 91' lang='lat' dir='ltr'>castra</span> <span class='ocrx_word' id='word_1_182' title='bbox 1081 2040 1185 2099; x_wconf 86' lang='lat' dir='ltr'>Etrus-</span> 
     </span>
     <span class='ocr_line' id='line_1_23' title="bbox 239 2115 1184 2195; baseline 0.006 -24"><span class='ocrx_word' id='word_1_183' title='bbox 239 2133 341 2172; x_wconf 88' lang='lat' dir='ltr'>corum</span> <span class='ocrx_word' id='word_1_184' title='bbox 354 2115 426 2173; x_wconf 85' lang='lat' dir='ltr'>t&#39;orte</span> <span class='ocrx_word' id='word_1_185' title='bbox 448 2116 525 2174; x_wconf 88' lang='lat' dir='ltr'>haud</span> <span class='ocrx_word' id='word_1_186' title='bbox 546 2118 648 2194; x_wconf 89' lang='lat' dir='ltr'>procul</span> <span class='ocrx_word' id='word_1_187' title='bbox 671 2118 734 2195; x_wconf 91' lang='lat' dir='ltr'>ripa</span> <span class='ocrx_word' id='word_1_188' title='bbox 756 2117 872 2175; x_wconf 91' lang='lat' dir='ltr'>Tiberis</span> <span class='ocrx_word' id='word_1_189' title='bbox 892 2118 987 2175; x_wconf 90' lang='lat' dir='ltr'>locata</span> <span class='ocrx_word' id='word_1_190' title='bbox 1003 2129 1107 2190; x_wconf 89' lang='lat' dir='ltr'>essent,</span> <span class='ocrx_word' id='word_1_191' title='bbox 1122 2119 1184 2178; x_wconf 86' lang='lat' dir='ltr'>fru-</span> 
     </span>
     <span class='ocr_line' id='line_1_24' title="bbox 239 2194 1185 2274; baseline 0.007 -25"><span class='ocrx_word' id='word_1_192' title='bbox 239 2203 329 2251; x_wconf 88' lang='lat' dir='ltr'>strata</span> <span class='ocrx_word' id='word_1_193' title='bbox 346 2194 487 2265; x_wconf 77' lang='lat' dir='ltr'>custodeS,</span> <span class='ocrx_word' id='word_1_194' title='bbox 504 2195 562 2253; x_wconf 87' lang='lat' dir='ltr'>dux</span> <span class='ocrx_word' id='word_1_195' title='bbox 578 2195 702 2274; x_wconf 78' lang='lat' dir='ltr'>agminis</span> <span class='ocrx_word' id='word_1_196' title='bbox 715 2198 871 2274; x_wconf 86' lang='lat' dir='ltr'>virginum,</span> <span class='ocrx_word' id='word_1_197' title='bbox 887 2198 963 2254; x_wconf 88' lang='lat' dir='ltr'>inter</span> <span class='ocrx_word' id='word_1_198' title='bbox 977 2197 1040 2255; x_wconf 84' lang='lat' dir='ltr'>tela</span> <span class='ocrx_word' id='word_1_199' title='bbox 1059 2198 1185 2256; x_wconf 92' lang='lat' dir='ltr'>hostium</span> 
     </span>
     <span class='ocr_line' id='line_1_25' title="bbox 240 2271 1186 2354; baseline 0.007 -25"><span class='ocrx_word' id='word_1_200' title='bbox 240 2271 370 2331; x_wconf 90' lang='lat' dir='ltr'>Tiberim</span> <span class='ocrx_word' id='word_1_201' title='bbox 385 2275 518 2344; x_wconf 90' lang='lat' dir='ltr'>tranavit,</span> <span class='ocrx_word' id='word_1_202' title='bbox 530 2277 705 2352; x_wconf 89' lang='lat' dir='ltr'>sospitesque</span> <span class='ocrx_word' id='word_1_203' title='bbox 716 2295 815 2334; x_wconf 91' lang='lat' dir='ltr'>omnes</span> <span class='ocrx_word' id='word_1_204' title='bbox 826 2276 949 2334; x_wconf 88' lang='lat' dir='ltr'>Romam</span> <span class='ocrx_word' id='word_1_205' title='bbox 964 2275 1000 2333; x_wconf 89' lang='lat' dir='ltr'>ad</span> <span class='ocrx_word' id='word_1_206' title='bbox 1011 2279 1186 2354; x_wconf 87' lang='lat' dir='ltr'>propinquos</span> 
     </span>
     <span class='ocr_line' id='line_1_26' title="bbox 190 2352 1185 2430; baseline 0.006 -20"><span class='ocrx_word' id='word_1_207' title='bbox 190 2352 372 2410; x_wconf 79' lang='lat' dir='ltr'>25restituit.</span> <span class='ocrx_word' id='word_1_208' title='bbox 415 2353 501 2417; x_wconf 80' lang='lat' dir='ltr'>Quod</span> <span class='ocrx_word' id='word_1_209' title='bbox 522 2354 572 2410; x_wconf 94' lang='lat' dir='ltr'>ubi</span> <span class='ocrx_word' id='word_1_210' title='bbox 594 2355 657 2430; x_wconf 87' lang='lat' dir='ltr'>regi</span> <span class='ocrx_word' id='word_1_211' title='bbox 677 2356 842 2412; x_wconf 90' lang='lat' dir='ltr'>nuntiatum</span> <span class='ocrx_word' id='word_1_212' title='bbox 862 2365 914 2425; x_wconf 87' lang='lat' dir='ltr'>est,</span> <span class='ocrx_word' id='word_1_213' title='bbox 935 2356 1026 2430; x_wconf 92' lang='lat' dir='ltr'>primo</span> <span class='ocrx_word' id='word_1_214' title='bbox 1045 2357 1185 2416; x_wconf 87' lang='lat' dir='ltr'>incensus</span> 
     </span>
     <span class='ocr_line' id='line_1_27' title="bbox 239 2425 1183 2510; baseline 0.007 -23"><span class='ocrx_word' id='word_1_215' title='bbox 239 2430 292 2500; x_wconf 88' lang='lat' dir='ltr'>ira,</span> <span class='ocrx_word' id='word_1_216' title='bbox 307 2431 571 2500; x_wconf 84' lang='lat' dir='ltr'>oratoresRomam</span> <span class='ocrx_word' id='word_1_217' title='bbox 585 2433 661 2490; x_wconf 88' lang='lat' dir='ltr'>misit</span> <span class='ocrx_word' id='word_1_218' title='bbox 676 2433 712 2490; x_wconf 93' lang='lat' dir='ltr'>ad</span> <span class='ocrx_word' id='word_1_219' title='bbox 732 2425 868 2491; x_wconf 83' lang='lat' dir='ltr'>Cloeliam</span> <span class='ocrx_word' id='word_1_220' title='bbox 888 2433 1015 2508; x_wconf 91' lang='lat' dir='ltr'>obsidem</span> <span class='ocrx_word' id='word_1_221' title='bbox 1030 2433 1183 2510; x_wconf 89' lang='lat' dir='ltr'>deposcen-</span> 
     </span>
     <span class='ocr_line' id='line_1_28' title="bbox 239 2509 1184 2588; baseline 0.006 -22"><span class='ocrx_word' id='word_1_222' title='bbox 239 2509 315 2579; x_wconf 88' lang='lat' dir='ltr'>dam,</span> <span class='ocrx_word' id='word_1_223' title='bbox 331 2511 403 2567; x_wconf 91' lang='lat' dir='ltr'>alias</span> <span class='ocrx_word' id='word_1_224' title='bbox 427 2510 504 2568; x_wconf 89' lang='lat' dir='ltr'>haud</span> <span class='ocrx_word' id='word_1_225' title='bbox 527 2512 625 2588; x_wconf 88' lang='lat' dir='ltr'>magni</span> <span class='ocrx_word' id='word_1_226' title='bbox 648 2510 763 2570; x_wconf 83' lang='lat' dir='ltr'>facere:</span> <span class='ocrx_word' id='word_1_227' title='bbox 792 2512 893 2570; x_wconf 91' lang='lat' dir='ltr'>deinde</span> <span class='ocrx_word' id='word_1_228' title='bbox 912 2514 943 2569; x_wconf 91' lang='lat' dir='ltr'>in</span> <span class='ocrx_word' id='word_1_229' title='bbox 966 2512 1184 2572; x_wconf 85' lang='lat' dir='ltr'>admirationem</span> 
     </span>
     <span class='ocr_line' id='line_1_29' title="bbox 240 2589 1183 2668; baseline 0.006 -23"><span class='ocrx_word' id='word_1_230' title='bbox 240 2607 351 2659; x_wconf 88' lang='lat' dir='ltr'>versus,</span> <span class='ocrx_word' id='word_1_231' title='bbox 367 2608 455 2666; x_wconf 87' lang='lat' dir='ltr'>supra</span> <span class='ocrx_word' id='word_1_232' title='bbox 474 2589 600 2648; x_wconf 89' lang='lat' dir='ltr'>Coclites</span> <span class='ocrx_word' id='word_1_233' title='bbox 622 2590 793 2668; x_wconf 86' lang='lat' dir='ltr'>Muciosque</span> <span class='ocrx_word' id='word_1_234' title='bbox 814 2591 910 2649; x_wconf 90' lang='lat' dir='ltr'>dicere</span> <span class='ocrx_word' id='word_1_235' title='bbox 931 2591 960 2649; x_wconf 92' lang='lat' dir='ltr'>id</span> <span class='ocrx_word' id='word_1_236' title='bbox 981 2591 1095 2650; x_wconf 87' lang='lat' dir='ltr'>facinus</span> <span class='ocrx_word' id='word_1_237' title='bbox 1108 2613 1183 2664; x_wconf 88' lang='lat' dir='ltr'>esse,</span> 
     </span>
     <span class='ocr_line' id='line_1_30' title="bbox 239 2668 1184 2749; baseline 0.005 -25"><span class='ocrx_word' id='word_1_238' title='bbox 239 2676 267 2725; x_wconf 91' lang='lat' dir='ltr'>et</span> <span class='ocrx_word' id='word_1_239' title='bbox 282 2686 341 2744; x_wconf 80' lang='lat' dir='ltr'>prae</span> <span class='ocrx_word' id='word_1_240' title='bbox 355 2688 386 2726; x_wconf 90' lang='lat' dir='ltr'>se</span> <span class='ocrx_word' id='word_1_241' title='bbox 402 2668 487 2739; x_wconf 82' lang='lat' dir='ltr'>ferre,</span> <span class='ocrx_word' id='word_1_242' title='bbox 502 2670 753 2747; x_wconf 87' lang='lat' dir='ltr'>quemadmodum,</span> <span class='ocrx_word' id='word_1_243' title='bbox 768 2672 793 2728; x_wconf 89' lang='lat' dir='ltr'>si</span> <span class='ocrx_word' id='word_1_244' title='bbox 813 2689 869 2728; x_wconf 91' lang='lat' dir='ltr'>non</span> <span class='ocrx_word' id='word_1_245' title='bbox 884 2670 1006 2728; x_wconf 90' lang='lat' dir='ltr'>dedatur</span> <span class='ocrx_word' id='word_1_246' title='bbox 1026 2671 1117 2742; x_wconf 85' lang='lat' dir='ltr'>obses,</span> <span class='ocrx_word' id='word_1_247' title='bbox 1132 2691 1184 2749; x_wconf 87' lang='lat' dir='ltr'>pro</span> 
     </span>
     <span class='ocr_line' id='line_1_31' title="bbox 191 2746 1184 2826; baseline 0.004 -22"><span class='ocrx_word' id='word_1_248' title='bbox 191 2749 229 2822; x_wconf 80' lang='grc'>30</span> <span class='ocrx_word' id='word_1_249' title='bbox 240 2757 323 2822; x_wconf 90' lang='lat' dir='ltr'>rupto</span> <span class='ocrx_word' id='word_1_250' title='bbox 337 2746 432 2804; x_wconf 86' lang='lat' dir='ltr'>foedus</span> <span class='ocrx_word' id='word_1_251' title='bbox 452 2768 483 2805; x_wconf 91' lang='lat' dir='ltr'>se</span> <span class='ocrx_word' id='word_1_252' title='bbox 504 2749 681 2819; x_wconf 88' lang='lat' dir='ltr'>habiturum,</span> <span class='ocrx_word' id='word_1_253' title='bbox 696 2751 739 2807; x_wconf 94' lang='lat' dir='ltr'>sic</span> <span class='ocrx_word' id='word_1_254' title='bbox 759 2749 885 2807; x_wconf 88' lang='lat' dir='ltr'>deditam</span> <span class='ocrx_word' id='word_1_255' title='bbox 905 2750 1131 2826; x_wconf 89' lang='lat' dir='ltr'>inviolatamque</span> <span class='ocrx_word' id='word_1_256' title='bbox 1148 2751 1184 2809; x_wconf 92' lang='lat' dir='ltr'>ad</span> 
     </span>
     <span class='ocr_line' id='line_1_32' title="bbox 240 2826 1182 2903; baseline 0.005 -21"><span class='ocrx_word' id='word_1_257' title='bbox 240 2845 306 2882; x_wconf 86' lang='lat' dir='ltr'>suos</span> <span class='ocrx_word' id='word_1_258' title='bbox 327 2827 526 2883; x_wconf 89' lang='lat' dir='ltr'>remissurum.</span> <span class='ocrx_word' id='word_1_259' title='bbox 568 2826 722 2903; x_wconf 88' lang='lat' dir='ltr'>Utrimque</span> <span class='ocrx_word' id='word_1_260' title='bbox 746 2829 872 2887; x_wconf 90' lang='lat' dir='ltr'>constitit</span> <span class='ocrx_word' id='word_1_261' title='bbox 891 2829 979 2886; x_wconf 86' lang='lat' dir='ltr'>fides:</span> <span class='ocrx_word' id='word_1_262' title='bbox 1008 2839 1037 2887; x_wconf 87' lang='lat' dir='ltr'>et</span> <span class='ocrx_word' id='word_1_263' title='bbox 1058 2829 1182 2888; x_wconf 90' lang='lat' dir='ltr'>Romani</span> 
     </span>
     <span class='ocr_line' id='line_1_33' title="bbox 239 2903 1183 2986; baseline 0.01 -28"><span class='ocrx_word' id='word_1_264' title='bbox 239 2903 345 2980; x_wconf 89' lang='lat' dir='ltr'>pignus</span> <span class='ocrx_word' id='word_1_265' title='bbox 359 2905 439 2979; x_wconf 86' lang='lat' dir='ltr'>pacis</span> <span class='ocrx_word' id='word_1_266' title='bbox 453 2923 489 2960; x_wconf 85' lang='lat' dir='ltr'>ex</span> <span class='ocrx_word' id='word_1_267' title='bbox 504 2903 613 2962; x_wconf 83' lang='lat' dir='ltr'>foedere</span> <span class='ocrx_word' id='word_1_268' title='bbox 628 2906 823 2978; x_wconf 90' lang='lat' dir='ltr'>restituerunt,</span> <span class='ocrx_word' id='word_1_269' title='bbox 835 2917 863 2964; x_wconf 92' lang='lat' dir='ltr'>et</span> <span class='ocrx_word' id='word_1_270' title='bbox 878 2907 951 2985; x_wconf 91' lang='lat' dir='ltr'>apud</span> <span class='ocrx_word' id='word_1_271' title='bbox 967 2927 1066 2986; x_wconf 88' lang='lat' dir='ltr'>regern</span> <span class='ocrx_word' id='word_1_272' title='bbox 1080 2908 1183 2973; x_wconf 89' lang='lat' dir='ltr'>Etrus·</span> 
     </span>
     <span class='ocr_line' id='line_1_34' title="bbox 239 2983 1183 3060; baseline 0.01 -22"><span class='ocrx_word' id='word_1_273' title='bbox 239 2999 308 3038; x_wconf 90' lang='lat' dir='ltr'>cum</span> <span class='ocrx_word' id='word_1_274' title='bbox 329 2999 385 3038; x_wconf 92' lang='lat' dir='ltr'>non</span> <span class='ocrx_word' id='word_1_275' title='bbox 400 2991 462 3039; x_wconf 92' lang='lat' dir='ltr'>tuta</span> <span class='ocrx_word' id='word_1_276' title='bbox 475 2983 578 3053; x_wconf 88' lang='lat' dir='ltr'>solum,</span> <span class='ocrx_word' id='word_1_277' title='bbox 594 2983 644 3041; x_wconf 86' lang='lat' dir='ltr'>sed</span> <span class='ocrx_word' id='word_1_278' title='bbox 664 2984 803 3043; x_wconf 90' lang='lat' dir='ltr'>honorata</span> <span class='ocrx_word' id='word_1_279' title='bbox 817 2987 905 3044; x_wconf 89' lang='lat' dir='ltr'>etiam</span> <span class='ocrx_word' id='word_1_280' title='bbox 919 2987 1011 3044; x_wconf 89' lang='lat' dir='ltr'>virtus</span> <span class='ocrx_word' id='word_1_281' title='bbox 1025 2986 1097 3060; x_wconf 82' lang='lat' dir='ltr'>fuit3</span> <span class='ocrx_word' id='word_1_282' title='bbox 1120 2988 1183 3047; x_wconf 88' lang='lat' dir='ltr'>lau-</span> 
     </span>
     <span class='ocr_line' id='line_1_35' title="bbox 239 3057 1184 3144; baseline 0.011 -29"><span class='ocrx_word' id='word_1_283' title='bbox 239 3057 393 3136; x_wconf 85' lang='lat' dir='ltr'>datamque</span> <span class='ocrx_word' id='word_1_284' title='bbox 415 3061 557 3138; x_wconf 90' lang='lat' dir='ltr'>virginem</span> <span class='ocrx_word' id='word_1_285' title='bbox 580 3073 659 3139; x_wconf 84' lang='lat' dir='ltr'>parte</span> <span class='ocrx_word' id='word_1_286' title='bbox 683 3064 813 3122; x_wconf 89' lang='lat' dir='ltr'>obsidum</span> <span class='ocrx_word' id='word_1_287' title='bbox 832 3085 864 3122; x_wconf 92' lang='lat' dir='ltr'>se</span> <span class='ocrx_word' id='word_1_288' title='bbox 886 3065 992 3124; x_wconf 91' lang='lat' dir='ltr'>donare</span> <span class='ocrx_word' id='word_1_289' title='bbox 1016 3065 1095 3136; x_wconf 85' lang='lat' dir='ltr'>dixit,</span> <span class='ocrx_word' id='word_1_290' title='bbox 1110 3068 1184 3144; x_wconf 88' lang='lat' dir='ltr'>ipsa,</span> 
     </span>
     <span class='ocr_line' id='line_1_36' title="bbox 190 3138 1186 3223; baseline 0.005 -23"><span class='ocrx_word' id='word_1_291' title='bbox 190 3143 230 3200; x_wconf 77' lang='lat'>35</span> <span class='ocrx_word' id='word_1_292' title='bbox 239 3157 312 3216; x_wconf 90' lang='lat' dir='ltr'>quos</span> <span class='ocrx_word' id='word_1_293' title='bbox 326 3138 423 3210; x_wconf 88' lang='lat' dir='ltr'>vellet,</span> <span class='ocrx_word' id='word_1_294' title='bbox 435 3139 555 3218; x_wconf 90' lang='lat' dir='ltr'>legeret.</span> <span class='ocrx_word' id='word_1_295' title='bbox 597 3141 748 3201; x_wconf 90' lang='lat' dir='ltr'>Productis</span> <span class='ocrx_word' id='word_1_296' title='bbox 759 3145 900 3214; x_wconf 90' lang='lat' dir='ltr'>omnibus,</span> <span class='ocrx_word' id='word_1_297' title='bbox 915 3145 1038 3223; x_wconf 85' lang='lat' dir='ltr'>elegisse</span> <span class='ocrx_word' id='word_1_298' title='bbox 1051 3145 1186 3222; x_wconf 91' lang='lat' dir='ltr'>impubes</span> 
     </span>
     <span class='ocr_line' id='line_1_37' title="bbox 240 3217 1185 3297; baseline 0.012 -23"><span class='ocrx_word' id='word_1_299' title='bbox 240 3217 355 3288; x_wconf 88' lang='lat' dir='ltr'>dicitur,</span> <span class='ocrx_word' id='word_1_300' title='bbox 381 3218 457 3294; x_wconf 93' lang='lat' dir='ltr'>quod</span> <span class='ocrx_word' id='word_1_301' title='bbox 485 3220 643 3297; x_wconf 90' lang='lat' dir='ltr'>virginitati</span> <span class='ocrx_word' id='word_1_302' title='bbox 667 3221 804 3280; x_wconf 91' lang='lat' dir='ltr'>decorum</span> <span class='ocrx_word' id='word_1_303' title='bbox 832 3233 861 3281; x_wconf 87' lang='lat' dir='ltr'>et</span> <span class='ocrx_word' id='word_1_304' title='bbox 884 3242 1028 3282; x_wconf 86' lang='lat' dir='ltr'>consensu</span> <span class='ocrx_word' id='word_1_305' title='bbox 1051 3224 1185 3285; x_wconf 88' lang='lat' dir='ltr'>obsidum</span> 
     </span>
     <span class='ocr_line' id='line_1_38' title="bbox 239 3297 1185 3380; baseline 0.01 -27"><span class='ocrx_word' id='word_1_306' title='bbox 239 3297 367 3372; x_wconf 91' lang='lat' dir='ltr'>ipsorum</span> <span class='ocrx_word' id='word_1_307' title='bbox 389 3298 534 3375; x_wconf 91' lang='lat' dir='ltr'>probabile</span> <span class='ocrx_word' id='word_1_308' title='bbox 555 3309 625 3370; x_wconf 84' lang='lat' dir='ltr'>erat,</span> <span class='ocrx_word' id='word_1_309' title='bbox 641 3320 707 3358; x_wconf 90' lang='lat' dir='ltr'>eam</span> <span class='ocrx_word' id='word_1_310' title='bbox 733 3312 846 3359; x_wconf 90' lang='lat' dir='ltr'>aetatem</span> <span class='ocrx_word' id='word_1_311' title='bbox 867 3303 1046 3380; x_wconf 90' lang='lat' dir='ltr'>potissimum</span> <span class='ocrx_word' id='word_1_312' title='bbox 1067 3303 1185 3363; x_wconf 88' lang='lat' dir='ltr'>liberari</span> 
     </span>
     <span class='ocr_line' id='line_1_39' title="bbox 240 3377 1184 3458; baseline 0.008 -25"><span class='ocrx_word' id='word_1_313' title='bbox 240 3377 277 3433; x_wconf 91' lang='lat' dir='ltr'>ab</span> <span class='ocrx_word' id='word_1_314' title='bbox 300 3377 389 3448; x_wconf 92' lang='lat' dir='ltr'>hoste,</span> <span class='ocrx_word' id='word_1_315' title='bbox 415 3397 481 3454; x_wconf 86' lang='lat' dir='ltr'>quae</span> <span class='ocrx_word' id='word_1_316' title='bbox 504 3379 630 3436; x_wconf 83' lang='lat' dir='ltr'>maxime</span> <span class='ocrx_word' id='word_1_317' title='bbox 658 3391 818 3457; x_wconf 90' lang='lat' dir='ltr'>opportuna</span> <span class='ocrx_word' id='word_1_318' title='bbox 841 3381 1065 3458; x_wconf 87' lang='lat' dir='ltr'>injuriaeesset.</span> <span class='ocrx_word' id='word_1_319' title='bbox 1107 3383 1184 3441; x_wconf 91' lang='lat' dir='ltr'>Pace</span> 
     </span>
     <span class='ocr_line' id='line_1_40' title="bbox 240 3455 1185 3533; baseline 0.008 -22"><span class='ocrx_word' id='word_1_320' title='bbox 240 3455 443 3533; x_wconf 86' lang='lat' dir='ltr'>redintegrata,</span> <span class='ocrx_word' id='word_1_321' title='bbox 456 3457 580 3516; x_wconf 89' lang='lat' dir='ltr'>Romani</span> <span class='ocrx_word' id='word_1_322' title='bbox 594 3473 698 3516; x_wconf 81' lang='lat' dir='ltr'>novam</span> <span class='ocrx_word' id='word_1_323' title='bbox 712 3461 742 3516; x_wconf 92' lang='lat' dir='ltr'>in</span> <span class='ocrx_word' id='word_1_324' title='bbox 757 3459 866 3517; x_wconf 83' lang='lat' dir='ltr'>semina</span> <span class='ocrx_word' id='word_1_325' title='bbox 879 3462 1015 3519; x_wconf 90' lang='lat' dir='ltr'>virtutem</span> <span class='ocrx_word' id='word_1_326' title='bbox 1030 3480 1104 3519; x_wconf 90' lang='lat' dir='ltr'>novo</span> <span class='ocrx_word' id='word_1_327' title='bbox 1117 3462 1185 3519; x_wconf 90' lang='lat' dir='ltr'>inde</span> 
     </span>
    </p>
   </div>
   <div class='ocr_carea' id='block_1_3' title="bbox 175 3536 1186 3932">
    <p class='ocr_par' dir='ltr' id='par_1_3' title="bbox 192 3536 1186 3695">
     <span class='ocr_line' id='line_1_41' title="bbox 192 3536 1186 3614; baseline 0.003 -19"><span class='ocrx_word' id='word_1_328' title='bbox 192 3537 229 3595; x_wconf 76' lang='lat'>40</span> <span class='ocrx_word' id='word_1_329' title='bbox 261 3553 347 3592; x_wconf 89' lang='lat' dir='ltr'>enere</span> <span class='ocrx_word' id='word_1_330' title='bbox 361 3541 363 3546; x_wconf 84' lang='lat'>&#39;</span> <span class='ocrx_word' id='word_1_331' title='bbox 378 3536 502 3606; x_wconf 90' lang='lat' dir='ltr'>honoris,</span> <span class='ocrx_word' id='word_1_332' title='bbox 530 3546 625 3594; x_wconf 91' lang='lat' dir='ltr'>statua</span> <span class='ocrx_word' id='word_1_333' title='bbox 652 3540 787 3614; x_wconf 89' lang='lat' dir='ltr'>equestri,</span> <span class='ocrx_word' id='word_1_334' title='bbox 816 3538 977 3598; x_wconf 85' lang='lat' dir='ltr'>donavere:</span> <span class='ocrx_word' id='word_1_335' title='bbox 1011 3541 1042 3596; x_wconf 91' lang='lat' dir='ltr'>in</span> <span class='ocrx_word' id='word_1_336' title='bbox 1069 3559 1186 3598; x_wconf 89' lang='lat' dir='ltr'>summa</span> 
     </span>
     <span class='ocr_line' id='line_1_42' title="bbox 240 3554 902 3695; baseline 0.009 -25"><span class='ocrx_word' id='word_1_337' title='bbox 240 3554 332 3670; x_wconf 56' lang='lat' dir='ltr'>{acra</span> <span class='ocrx_word' id='word_1_338' title='bbox 346 3615 394 3670; x_wconf 89' lang='lat' dir='ltr'>via</span> <span class='ocrx_word' id='word_1_339' title='bbox 409 3613 463 3672; x_wconf 85' lang='lat' dir='ltr'>fuit</span> <span class='ocrx_word' id='word_1_340' title='bbox 477 3615 567 3692; x_wconf 88' lang='lat' dir='ltr'>posita</span> <span class='ocrx_word' id='word_1_341' title='bbox 581 3617 663 3693; x_wconf 92' lang='lat' dir='ltr'>virgo</span> <span class='ocrx_word' id='word_1_342' title='bbox 677 3618 804 3676; x_wconf 88' lang='lat' dir='ltr'>insidens</span> <span class='ocrx_word' id='word_1_343' title='bbox 818 3638 902 3695; x_wconf 90' lang='lat' dir='ltr'>equo.</span> 
     </span>
    </p>

    <p class='ocr_par' dir='ltr' id='par_1_4' title="bbox 282 3689 1185 3775">
     <span class='ocr_line' id='line_1_43' title="bbox 282 3689 1185 3775; baseline 0.008 -27"><span class='ocrx_word' id='word_1_344' title='bbox 282 3689 422 3749; x_wconf 88' lang='lat' dir='ltr'>XXXIV.</span> <span class='ocrx_word' id='word_1_345' title='bbox 447 3693 487 3750; x_wconf 92' lang='lat' dir='ltr'>M.</span> <span class='ocrx_word' id='word_1_346' title='bbox 505 3693 634 3752; x_wconf 90' lang='lat' dir='ltr'>Minucio</span> <span class='ocrx_word' id='word_1_347' title='bbox 648 3694 751 3752; x_wconf 90' lang='lat' dir='ltr'>deinde</span> <span class='ocrx_word' id='word_1_348' title='bbox 770 3707 799 3754; x_wconf 89' lang='lat' dir='ltr'>et</span> <span class='ocrx_word' id='word_1_349' title='bbox 819 3701 859 3754; x_wconf 90' lang='lat' dir='ltr'>A.</span> <span class='ocrx_word' id='word_1_350' title='bbox 876 3698 1046 3775; x_wconf 84' lang='lat' dir='ltr'>Sempronio</span> <span class='ocrx_word' id='word_1_351' title='bbox 1059 3695 1185 3755; x_wconf 88' lang='lat' dir='ltr'>consuli·</span> 
     </span>
    </p>

    <p class='ocr_par' dir='ltr' id='par_1_5' title="bbox 175 3768 1185 3853">
     <span class='ocr_line' id='line_1_44' title="bbox 175 3768 1185 3853; baseline 0.011 -29"><span class='ocrx_word' id='word_1_352' title='bbox 175 3834 177 3837; x_wconf 23' lang='lat'>¹</span> <span class='ocrx_word' id='word_1_353' title='bbox 241 3768 304 3839; x_wconf 87' lang='lat' dir='ltr'>bus,</span> <span class='ocrx_word' id='word_1_354' title='bbox 319 3788 426 3846; x_wconf 89' lang='lat' dir='ltr'>magna</span> <span class='ocrx_word' id='word_1_355' title='bbox 439 3772 484 3828; x_wconf 84' lang='lat' dir='ltr'>vis</span> <span class='ocrx_word' id='word_1_356' title='bbox 506 3770 643 3831; x_wconf 88' lang='lat' dir='ltr'>frumenti</span> <span class='ocrx_word' id='word_1_357' title='bbox 663 3793 700 3830; x_wconf 91' lang='lat' dir='ltr'>ex</span> <span class='ocrx_word' id='word_1_358' title='bbox 721 3774 823 3832; x_wconf 90' lang='lat' dir='ltr'>Sicilia</span> <span class='ocrx_word' id='word_1_359' title='bbox 837 3775 968 3847; x_wconf 87' lang='lat' dir='ltr'>advecta,</span> <span class='ocrx_word' id='word_1_360' title='bbox 984 3777 1185 3853; x_wconf 86' lang='lat' dir='ltr'>agitatumque</span> 
     </span>
    </p>

    <p class='ocr_par' dir='ltr' id='par_1_6' title="bbox 240 3845 1186 3932">
     <span class='ocr_line' id='line_1_45' title="bbox 240 3845 1186 3932; baseline 0.012 -29"><span class='ocrx_word' id='word_1_361' title='bbox 240 3845 272 3904; x_wconf 91' lang='lat' dir='ltr'>in</span> <span class='ocrx_word' id='word_1_362' title='bbox 291 3857 404 3918; x_wconf 87' lang='lat' dir='ltr'>senatu,</span> <span class='ocrx_word' id='word_1_363' title='bbox 425 3848 526 3925; x_wconf 91' lang='lat' dir='ltr'>quanti</span> <span class='ocrx_word' id='word_1_364' title='bbox 547 3851 624 3927; x_wconf 92' lang='lat' dir='ltr'>plebi</span> <span class='ocrx_word' id='word_1_365' title='bbox 645 3853 779 3911; x_wconf 63' lang='lat' dir='ltr'>daretur.r</span> <span class='ocrx_word' id='word_1_366' title='bbox 804 3853 902 3913; x_wconf 71' lang='lat' dir='ltr'>,Multi</span> <span class='ocrx_word' id='word_1_367' title='bbox 929 3856 1044 3914; x_wconf 76' lang='lat' dir='ltr'>venisse</span> <span class='ocrx_word' id='word_1_368' title='bbox 1070 3863 1186 3932; x_wconf 83' lang='lat' dir='ltr'>tempus</span> 
     </span>
    </p>
   </div>
   <div class='ocr_carea' id='block_1_4' title="bbox 0 0 1366 4292">
    <p class='ocr_par' dir='ltr' id='par_1_7' title="bbox 0 0 1366 4292">
     <span class='ocr_line' id='line_1_46' title="bbox 0 0 1366 4292; baseline 0 0"><span class='ocrx_word' id='word_1_369' title='bbox 0 0 1366 4292; x_wconf 95' lang='lat' dir='ltr'> </span> 
     </span>
    </p>
   </div>
  </div>
 </body>
</html>
