2717 4292
216 264 255 325 94
458 329 462 333 .
636 267 696 307 r1r1
717 266 792 307 mvn

367 336 377 359 ί

262 406 353 458 ctum.
405 396 470 467 Rei,
496 395 663 455 foedissimae
691 416 741 474 per
762 416 804 467 se,
829 396 945 473 adjecta
968 394 1127 473 indignitas
1147 404 1208 474 est;

261 477 387 555 pondera
412 478 450 534 ab
472 475 566 535 Gallis
590 476 682 535 allata
700 477 810 555 iniqua,
832 486 871 546 et,
899 476 1015 535 tribuno
1042 485 1206 553 recusante,

262 555 389 614 additus·
402 556 440 613 ab
466 555 607 614 insolente
635 555 722 614 Gallo
750 555 869 633 ponderi
895 554 1021 632 gladius,
1051 553 1209 630 auditaque

261 634 441 693 intoleranda
455 634 594 693 Romanis
608 654 664 693 vox
686 642 758 693 “vae
773 636 858 693 victis
878 632 975 693 esse.''
1016 627 1127 691 XLIX.
1149 632 1209 691 Sed

228 713 358 791 bdiique
380 724 409 773 et
429 714 558 772 homines
572 715 745 791 prohibuere
760 714 921 790 redemptos
935 714 1035 770 vIvere
1049 712 1207 769 Romanos.

261 792 342 851 Nam
357 792 429 851 forte
443 793 578 870 quadam,
594 795 674 871 prius
688 812 776 868 quam
790 792 911 850 infanda
924 811 1038 850 merces
1054 792 1207 868 perficere-

261 882 318 943 tur,
334 892 386 949 per
400 873 617 930 altercationem
638 872 767 930 nondum
784 872 863 929 omni
881 890 953 929 auro
967 889 1102 947 appenso,
1117 870 1208 928 dicta·

261 961 305 1011 tor
325 953 488 1023 intervenit,
503 951 672 1029 auferrique
687 969 793 1008 aurum
815 952 850 1009 de
864 950 959 1009 medio
973 961 1001 1008 et
1023 949 1126 1007 Gallos
1140 950 1207 1007 sub-

261 1032 370 1088 moveri
389 1032 481 1107 jubet.
523 1031 598 1089 Cum
621 1032 665 1088 illi
687 1032 843 1088 renitentes
863 1041 963 1108 pactos
984 1029 1114 1086 dicerent
1131 1048 1206 1098 sese,

178 1166 180 1171 .
215 1114 349 1187 lonegat
375 1128 442 1169 eam
469 1111 632 1187 pactionem
656 1120 751 1167 ratam
775 1129 848 1180 esse,
873 1128 948 1185 quae,
970 1118 1120 1185 postquam
1144 1108 1206 1183 ipse

260 1187 382 1246 dictator
401 1199 518 1247 creatus
537 1198 622 1259 esset,
640 1189 754 1266 injussu
768 1208 821 1247 suo
835 1189 873 1246 ab
893 1186 1038 1246 inferioris
1055 1187 1132 1262 juris
1145 1205 1206 1243 ma-

259 1267 383 1345 gistratu
398 1266 476 1325 facta
490 1278 574 1339 esset,
589 1268 798 1345 denuntiatque
813 1266 909 1325 Gallis
922 1276 954 1325 ut
971 1286 1004 1323 se
1019 1265 1055 1323 ad
1068 1266 1207 1343 proelium

258 1352 425 1427 expediant.
467 1350 544 1411 Suos
557 1351 589 1409 iu
602 1370 742 1410 acervum
761 1350 905 1425 conjicere
919 1349 1061 1421 sarcinas,
1075 1355 1106 1407 et
1124 1368 1211 1408 arma

199 1445 203 1460 ·
259 1440 370 1506 aptare,
385 1432 533 1506 ferroque,
546 1449 606 1489 non
629 1449 702 1488 auro
725 1449 898 1505 recuperare
918 1429 1046 1504 patriam
1065 1427 1160 1503 jubet,
1177 1428 1211 1485 in

212 1510 247 1569 15
259 1520 416 1587 conspectu
428 1512 569 1569 habentes
589 1510 660 1568 fana
673 1510 772 1581 dedm,
787 1519 816 1567 et
836 1508 984 1584 conjuges,
999 1517 1028 1565 et
1045 1508 1164 1578 liberos,
1180 1515 1211 1565 et

259 1592 355 1649 solum
367 1591 470 1666 patriae
484 1590 614 1648 deforme
636 1590 707 1647 belli
729 1590 817 1647 malis
839 1597 869 1647 et
889 1588 998 1659 omnia,
1013 1607 1078 1663 quae
1092 1587 1211 1645 defendi

258 1672 408 1745 repetique
433 1678 462 1728 et
484 1670 587 1728 ulcisci
613 1670 659 1727 fas
684 1670 732 1727 sit.
774 1668 899 1727 Instruit
922 1668 1026 1726 deinde
1048 1667 1152 1740 aciem,
1174 1675 1211 1723 ut

258 1750 316 1807 loci
329 1759 435 1807 natura
454 1749 631 1824 patiebatur,
647 1750 678 1806 in
699 1749 846 1807 semirutae
861 1750 923 1807 solo
944 1748 1037 1819 urbis,
1052 1755 1082 1805 et
1101 1756 1210 1805 natura

257 1828 406 1903 inaequali,
421 1837 450 1887 et
463 1830 573 1901 omnia,
588 1848 653 1903 quat
667 1838 731 1887 arte
745 1830 815 1887 belli
828 1829 956 1887 secunda
969 1828 1031 1885 suis
1045 1827 1116 1903 eligi
1134 1846 1210 1903 praa-

209 1908 248 1967 20
257 1908 393 1983 pararive
406 1916 551 1985 poterant,
565 1910 703 1984 providit.
745 1908 839 1980 Galli,
853 1928 932 1966 nova
945 1928 978 1966 re
991 1908 1108 1982 trepidi,
1123 1926 1211 1965 arma

258 1989 387 2064 capiunt,
401 1989 504 2065 iraque
518 1990 624 2065 magis,
640 2009 731 2065 quam
751 1989 881 2060 consilio,
896 1989 927 2046 in
948 1988 1098 2045 Romanos
1111 1987 1209 2044 incur-

259 2078 337 2127 rant.
372 2069 445 2129 Jam
454 2078 582 2127 verterat
591 2068 719 2140 fortuna,
730 2068 795 2144 jam
805 2069 927 2126 deorum
937 2087 1008 2143 opes
1017 2069 1207 2142 humanaque

259 2150 463 2207 consiliarem
481 2150 648 2208 Romanam
666 2149 856 2224 adjuvabant.
897 2148 994 2223 Igitur
1019 2148 1114 2223 primo
1139 2166 1208 2204 con-

259 2246 347 2286 cursu
369 2230 449 2287 haud
471 2229 584 2304 majore
607 2240 755 2287 momento
778 2229 837 2287 fusi
861 2226 944 2287 Galli
965 2236 1034 2285 sunt
1057 2247 1147 2302 quam
1168 2228 1208 2285 ad

209 2306 247 2366 25
258 2307 361 2365 Aliam
373 2308 514 2365 vicerant.
549 2309 681 2367 Iustiore
691 2310 785 2366 altero
795 2309 899 2367 deinde
908 2308 1009 2383 praelio
1020 2309 1059 2365 ad
1068 2316 1208 2365 octavum

119 2394 125 2403 '
258 2388 387 2462 lapidem
401 2387 521 2447 Gabina
533 2388 593 2459 via,
608 2407 666 2463 quo
681 2408 712 2447 se
726 2381 764 2447 ex
783 2389 855 2464 fuga
868 2388 1060 2458 contulerant,
1074 2387 1208 2463 ejusdcm

259 2468 350 2525 ductu
370 2468 557 2544 auspicioque
578 2467 699 2527 Camilli
711 2469 877 2526 vincuntur.
918 2468 966 2526 Ibi
990 2468 1082 2525 coedes
1106 2467 1209 2526 omnia

259 2548 402 2607 obtinuit:
425 2557 523 2607 castra
547 2549 702 2624 capiuntur
725 2557 754 2607 et
776 2568 814 2607 ne
837 2547 958 2606 nuntius
972 2548 1090 2623 quidem
1114 2547 1209 2605 cladis

259 2628 387 2687 relictus.
428 2629 575 2702 Dictator,
589 2638 762 2705 recuperata
775 2648 814 2686 ex
830 2628 963 2687 hostibus
983 2628 1090 2703 patria,
1103 2627 1208 2685 trium-

209 2706 352 2784 80plians
371 2710 404 2766 in
423 2711 528 2767 urbem
550 2710 636 2783 redit,
651 2710 785 2784 interque
804 2709 888 2785 jocos
901 2708 1055 2780 militares,
1069 2726 1144 2783 quos
1164 2708 1209 2764 in-

259 2788 391 2847 conditos
400 2788 526 2863 jaciunt,
541 2790 686 2847 Romulus
706 2808 742 2847 ac
760 2808 867 2865 parcns
887 2788 1002 2864 patrita,
1016 2788 1209 2864 conditorque

258 2868 334 2926 alter
345 2868 438 2941 urbis,
452 2869 533 2927 haud
545 2869 630 2928 vanis
643 2870 782 2929 laudibus
794 2869 1007 2947 appellabatur.
