2717 4292
166 263 226 325 112
582 278 641 319 τιτι
662 277 736 320 mvn

216 380 395 469 Placentiam
419 409 650 484 Cremonamque
674 408 802 466 colonias
825 408 856 464 iu
880 425 986 485 agrum
1011 404 1160 466 Gallicum

217 488 355 559 deductas
369 506 445 565 aegre
460 489 654 565 patiebantur.
687 486 787 563 ltaque
803 488 891 543 annis
905 489 1162 564 repenlearreptis

215 569 246 625 in
271 586 338 625 eum
366 569 460 644 ipsum
485 586 588 645 agrum
613 568 722 644 impetu
746 565 822 623 facto
846 575 959 623 tantum
983 567 1101 623 terroris
1126 586 1161 624 ae

215 648 358 705 turnultus
373 646 513 716 fecerunt,
530 656 561 703 ut
575 664 632 702 non
647 646 770 721 agrestis
783 645 866 702 modo
876 643 1029 702 multitudo
1040 645 1092 702 sed
1107 647 1161 714 ipsi

149 792 152 797 ,
186 726 360 788 dtriumviri
380 724 513 794 Romani,
536 725 587 801 qui
604 724 640 781 ad
665 742 769 800 agrum
784 733 923 781 venerant
944 724 1160 801 assignandum,

215 804 301 862 diffisi
324 805 479 862 Placentiae
493 804 637 861 moenibus
652 801 796 860 Mutinam
810 802 1002 879 confugerint,
1020 802 1055 861 C.
1071 802 1160 861 Luta-

215 886 283 954 tius,
302 884 348 941 ¹0.
377 882 529 953 Servilius,
559 882 601 939 M.
628 882 755 939 Annius.
811 880 922 939 Lutatii
949 900 1055 940 nomen
1082 882 1161 943 haud

215 963 336 1020 dubium
357 972 417 1020 est:
438 980 489 1039 pro
509 962 544 1020 C.
560 961 685 1019 Servilio
701 970 730 1019 et
747 960 789 1017 M.
805 961 904 1018 Annio
922 959 962 1025 Q.
978 961 1112 1018 Acilium
1128 968 1159 1020 et

214 1041 249 1099 G.
266 1041 448 1100 Herennium
469 1042 575 1099 habent
595 1040 714 1116 quidam
728 1039 857 1108 annales,
872 1039 922 1097 alii
943 1039 976 1096 P.
992 1039 1161 1098 Cornelium

170 1128 204 1185 10
216 1120 341 1178 Asinam
364 1129 393 1177 et
414 1120 449 1177 C.
472 1120 620 1196 Papirium
643 1118 803 1177 Masonem.
845 1117 878 1177 Id
899 1138 1015 1195 quoque
1039 1118 1161 1176 dubium

214 1209 267 1270 est,
283 1199 371 1275 legati
392 1198 428 1256 ad
449 1198 690 1275 expostulandum
711 1198 791 1255 missi
812 1196 848 1253 ad
868 1197 954 1255 Boios
975 1198 1073 1255 violati
1093 1198 1160 1269 sint,

216 1296 262 1349 an,
281 1279 311 1335 in
340 1278 505 1335 triumviros
533 1296 637 1355 agrum
665 1286 805 1334 metantes
833 1277 958 1353 impetus
988 1278 1026 1334 sit
1053 1275 1159 1335 factus.

215 1356 337 1415 Mutinae
362 1376 430 1414 cum
454 1356 662 1424 obsiderentur,
686 1365 714 1413 et
735 1374 807 1433 gens
835 1354 871 1421 ad
899 1356 1161 1432 oppugnandarum

215 1435 331 1493 urbium
352 1445 428 1493 artes
443 1435 531 1504 rudis,
547 1436 704 1512 pigerrima
724 1434 825 1492 eadem
846 1434 883 1491 ad
905 1435 1041 1492 militaria
1062 1453 1160 1512 opera,
1231 1455 1236 1463 ·

168 1528 204 1583 15
215 1516 312 1592 segnis
333 1516 448 1573 intactis
469 1515 608 1573 assideret
621 1515 722 1584 muris,
737 1513 868 1570 simulari
889 1524 1017 1590 coeptum
1031 1514 1066 1570 de
1087 1533 1161 1590 pace

215 1596 273 1672 agi,
293 1595 463 1671 evocatique
482 1594 519 1651 ab
538 1593 691 1651 Gallorum
713 1592 893 1669 principibus
911 1593 997 1669 legati
1015 1592 1051 1649 ad
1073 1594 1160 1651 collo-

214 1675 317 1749 quium
340 1692 396 1731 non
415 1683 516 1730 contra
533 1672 583 1748 jus
603 1672 686 1729 modo
706 1672 836 1748 gentium
860 1671 910 1729 sed
935 1671 1042 1729 violata
1062 1673 1159 1743 etiam,

214 1771 279 1828 quae
293 1752 359 1809 data
373 1752 403 1807 in
417 1752 446 1808 id
456 1761 570 1827 tempus
582 1758 652 1825 erat,
664 1750 730 1820 fide,
745 1751 1037 1827 comprehenduntur,
1052 1770 1159 1828 negan-

215 1831 290 1887 tibus
308 1829 411 1899 Gallis,
426 1831 483 1887 nisi
503 1830 615 1888 obsides
629 1830 683 1887 sibi
706 1829 903 1900 redderentur,
918 1850 967 1887 eos
980 1830 1158 1888 dimissuros

77 1922 204 1999 f²⁰
214 1909 289 1967 Cum
304 1909 367 1967 baec
381 1908 416 1967 de
430 1910 534 1986 legatis
547 1910 678 1967 nuntiata
692 1919 797 1979 essent,
809 1918 838 1966 et
853 1908 967 1966 Mutina
980 1910 1159 1985 praesidium-

214 2008 271 2065 que
296 1990 325 2046 in
350 1990 481 2064 periculo
505 1998 588 2057 esset,
615 1988 651 2046 L.
677 1987 807 2046 Manlius
828 1998 932 2064 praetor
952 1990 997 2045 ira
1018 2006 1161 2047 accensus

216 2066 340 2125 effusum
365 2087 471 2145 agmen
495 2067 531 2125 ad
559 2068 703 2138 Mutinam
730 2066 820 2125 ducit.
872 2066 962 2124 Silvae
984 2076 1054 2130 tunc
1078 2069 1161 2125 circa

214 2148 292 2204 viem
307 2157 397 2217 erant,
420 2148 564 2222 plerisque
586 2147 721 2204 incultis:
743 2147 783 2203 ibi
806 2147 984 2223 inexplorato
1003 2145 1177 2223 profectns‚'

214 2226 245 2281 in
259 2225 379 2282 insidias
393 2226 595 2301 praecipitatus,
608 2226 757 2301 multaque
772 2244 840 2283 cum
855 2226 933 2283 caede
948 2244 1067 2283 suorum
1081 2245 1159 2303 aegre

166 2320 203 2373 25
215 2304 245 2360 in
269 2314 381 2380 apertos
402 2323 518 2381 campos
539 2305 665 2362 emersit.
708 2303 751 2361 lbi
771 2315 867 2361 castra
891 2305 1086 2377 communita;
1119 2315 1156 2378 et,

215 2383 283 2459 quia
299 2382 398 2440 Gallis
408 2383 443 2439 ad
454 2383 589 2440 tentanda
603 2402 639 2440 ea
649 2382 741 2440 defuit
754 2402 828 2460 spes,
839 2382 940 2441 refecti
953 2394 1020 2441 sunt
1032 2384 1156 2440 militum

215 2463 312 2532 animi,
328 2481 504 2537 quamquam
520 2462 555 2520 ad
574 2464 746 2539 quingentos
759 2464 899 2520 cecidisse
914 2464 983 2521 satis
997 2464 1155 2520 constabat.

214 2538 272 2598 Iter
296 2540 398 2599 deindo
422 2542 457 2599 de
482 2542 592 2618 integro
617 2550 754 2619 creptum,
779 2560 843 2611 nec,
866 2541 936 2598 dnm
958 2559 1009 2618 per
1033 2543 1160 2618 patentia

214 2620 278 2678 loca
300 2622 462 2678 ducebatur
476 2640 589 2697 agmen,
605 2622 738 2697 apparuit
761 2620 866 2678 hostis:
888 2621 937 2677 nbi
956 2639 1057 2678 rursus
1078 2622 1160 2678 silvae

166 2714 203 2769 30
215 2700 335 2769 intratae,
356 2710 417 2757 tum
432 2700 692 2775 postremos‘adorti
713 2719 781 2757 cum
796 2719 903 2777 magna
923 2700 1109 2775 trepidatione
1124 2719 1160 2757 ac

214 2798 319 2855 pavore
334 2780 464 2836 omniurn
478 2779 672 2854 septingentos
693 2778 800 2837 milites
813 2779 990 2849 occiderunt,
1004 2798 1057 2835 sex
1076 2780 1160 2855 signa

200 2857 358 2931 ademere.
401 2856 483 2913 Finis
502 2866 530 2913 et
553 2856 647 2913 Gallis
668 2857 818 2914 territandi
838 2867 868 2915 et
888 2858 1010 2934 pavendi
1026 2858 1080 2914 fuit
1101 2858 1157 2915 Ro·

214 2937 316 3003 manis,
343 2944 375 2991 ut
398 2954 414 2992 e
439 2935 515 2991 saltu
540 2935 618 2992 invio
641 2944 728 3011 atque
751 2936 885 3012 impedito
907 2956 1038 2994 evasere.
1089 2935 1159 2994 lnde

215 3014 321 3089 apertis
353 3013 425 3071 locis
447 3011 534 3070 facile
555 3022 682 3071 tutantes
706 3034 810 3092 agmen
833 3014 957 3074 Romani
982 3015 1158 3086 Tannetum,

167 3109 203 3163 35
215 3093 312 3149 vicum
327 3092 518 3170 propinquum
539 3092 625 3163 Pado,
641 3094 823 3151 contendere.
865 3093 913 3151 Ibi
930 3113 962 3152 se
981 3096 1159 3153 munimento

215 3172 251 3229 ad
265 3182 378 3247 tempus
392 3172 656 3248 commeatibusque
668 3173 797 3229 fluminis
810 3183 839 3230 et
849 3171 1055 3231 Brixianorum
1070 3175 1158 3231 etiam

215 3251 367 3310 Gallorum
378 3251 486 3308 auxilio
496 3250 635 3308 adversus
644 3260 824 3309 crescentem
833 3252 863 3308 in
872 3251 933 3309 dies
944 3253 1158 3310 multitudinem

214 3332 338 3389 hostium
359 3331 535 3388 tutabantur.
579 3329 689 3387 XXVI.
711 3330 773 3395 Qui
793 3330 936 3387 tumultus
961 3350 1064 3407 repens
1085 3341 1158 3406 post·

214 3430 301 3485 qnam
323 3419 365 3467 est
386 3409 509 3467 Romam
529 3408 666 3485 perlatae,
688 3418 717 3467 et
738 3408 882 3466 Punicum
903 3411 1022 3486 insuper
1043 3408 1159 3468 Gallico

169 3490 323 3560 robellum
345 3498 462 3545 auctum
483 3498 578 3563 patres
600 3497 784 3564 acceperunt,
799 3488 834 3545 C.
860 3488 986 3545 Atilium
1007 3499 1159 3564 praetorem

214 3586 281 3623 cum
297 3584 355 3623 una
377 3566 489 3642 legione
504 3564 636 3623 Romana
650 3577 678 3623 et
702 3567 831 3642 quinque
853 3567 984 3623 millibus
1004 3568 1159 3637 sociorum,

214 3644 322 3701 dilectu
336 3663 409 3701 novo
424 3663 441 3700 a
454 3644 574 3702 consule
588 3645 766 3721 conscriptis,
787 3644 929 3701 auxilinm
951 3644 1028 3702 serre
1048 3644 1159 3703 Manlio

210 3722 323 3855 p'lubent,
337 3724 387 3797 qui
408 3724 469 3779 sine
485 3723 547 3780 ullo
567 3724 966 3785 certamine-abscesserant
986 3726 1064 3782 enim
1078 3731 1159 3782 metu

232 3799 514 3863 ostes-Tannetum
527 3803 667 3877 pervenit.
