<?xml version="1.0" encoding="UTF-8"?>
<!DOCTYPE html PUBLIC "-//W3C//DTD XHTML 1.0 Transitional//EN"
    "http://www.w3.org/TR/xhtml1/DTD/xhtml1-transitional.dtd">
<html xmlns="http://www.w3.org/1999/xhtml" xml:lang="en" lang="en">
 <head>
  <title>
</title>
<meta http-equiv="Content-Type" content="text/html;charset=utf-8" />
  <meta name='ocr-system' content='tesseract 3.04.00' />
  <meta name='ocr-capabilities' content='ocr_page ocr_carea ocr_par ocr_line ocrx_word'/>
</head>
<body>
  <div class='ocr_page' id='page_1' title='image "./selectionsfromf01alscgoog_0137.png"; bbox 0 0 2717 4292; ppageno 0'>
   <div class='ocr_carea' id='block_1_1' title="bbox 410 310 1154 376">
    <p class='ocr_par' dir='ltr' id='par_1_1' title="bbox 410 310 1154 376">
     <span class='ocr_line' id='line_1_1' title="bbox 410 310 1154 376; baseline 0.009 -13"><span class='ocrx_word' id='word_1_1' title='bbox 410 323 498 363; x_wconf 81' lang='lat' dir='ltr'><strong>amaa</strong></span> <span class='ocrx_word' id='word_1_2' title='bbox 518 323 582 364; x_wconf 86' lang='lat' dir='ltr'><strong>m.</strong></span> <span class='ocrx_word' id='word_1_3' title='bbox 623 322 918 376; x_wconf 80' lang='lat' dir='ltr'><strong>car.m1r,xxxr.</strong></span> <span class='ocrx_word' id='word_1_4' title='bbox 1095 310 1154 371; x_wconf 87' lang='grc'><strong>119</strong></span> 
     </span>
    </p>
   </div>
   <div class='ocr_carea' id='block_1_2' title="bbox 155 410 1157 3941">
    <p class='ocr_par' dir='ltr' id='par_1_2' title="bbox 155 410 1157 3941">
     <span class='ocr_line' id='line_1_2' title="bbox 155 410 1109 533; baseline -0.003 -18"><span class='ocrx_word' id='word_1_5' title='bbox 155 452 279 515; x_wconf 71' lang='lat' dir='ltr'><strong>firdimet</strong></span> <span class='ocrx_word' id='word_1_6' title='bbox 303 452 425 523; x_wconf 79' lang='lat' dir='ltr'><strong>hostem,</strong></span> <span class='ocrx_word' id='word_1_7' title='bbox 449 454 511 511; x_wconf 91' lang='lat' dir='ltr'><strong>suis</strong></span> <span class='ocrx_word' id='word_1_8' title='bbox 537 472 653 530; x_wconf 90' lang='lat' dir='ltr'><strong>quoque</strong></span> <span class='ocrx_word' id='word_1_9' title='bbox 676 453 835 513; x_wconf 88' lang='lat' dir='ltr'><strong>tumultum</strong></span> <span class='ocrx_word' id='word_1_10' title='bbox 859 410 1109 533; x_wconf 54' lang='lat' dir='ltr'><strong>auxiabssedis</strong></span> 
     </span>
     <span class='ocr_line' id='line_1_3' title="bbox 155 534 1109 610; baseline -0.003 -17"><span class='ocrx_word' id='word_1_11' title='bbox 155 534 302 593; x_wconf 91' lang='lat' dir='ltr'><strong>tumultus</strong></span> <span class='ocrx_word' id='word_1_12' title='bbox 330 542 476 591; x_wconf 89' lang='lat' dir='ltr'><strong>momento</strong></span> <span class='ocrx_word' id='word_1_13' title='bbox 502 534 648 610; x_wconf 86' lang='lat' dir='ltr'><strong>temporis,</strong></span> <span class='ocrx_word' id='word_1_14' title='bbox 676 542 827 609; x_wconf 88' lang='lat' dir='ltr'><strong>postquam</strong></span> <span class='ocrx_word' id='word_1_15' title='bbox 854 534 978 591; x_wconf 81' lang='lat' dir='ltr'><strong>liberata</strong></span> <span class='ocrx_word' id='word_1_16' title='bbox 1003 534 1109 591; x_wconf 89' lang='lat' dir='ltr'><strong>itinera</strong></span> 
     </span>
     <span class='ocr_line' id='line_1_4' title="bbox 156 612 1107 690; baseline -0.001 -20"><span class='ocrx_word' id='word_1_17' title='bbox 156 612 229 690; x_wconf 80' lang='lat' dir='ltr'><strong>finge</strong></span> <span class='ocrx_word' id='word_1_18' title='bbox 255 621 458 670; x_wconf 82' lang='lat' dir='ltr'><strong>montanorum</strong></span> <span class='ocrx_word' id='word_1_19' title='bbox 482 622 574 682; x_wconf 90' lang='lat' dir='ltr'><strong>erant,</strong></span> <span class='ocrx_word' id='word_1_20' title='bbox 596 612 733 684; x_wconf 82' lang='lat' dir='ltr'><strong>sedatur3</strong></span> <span class='ocrx_word' id='word_1_21' title='bbox 756 631 812 671; x_wconf 90' lang='lat' dir='ltr'><strong>nec</strong></span> <span class='ocrx_word' id='word_1_22' title='bbox 832 613 994 689; x_wconf 82' lang='lat' dir='ltr'><strong>parotium</strong></span> <span class='ocrx_word' id='word_1_23' title='bbox 1014 612 1107 683; x_wconf 90' lang='lat' dir='ltr'><strong>modo,</strong></span> 
     </span>
     <span class='ocr_line' id='line_1_5' title="bbox 155 691 1107 768; baseline -0.002 -17"><span class='ocrx_word' id='word_1_24' title='bbox 155 693 207 751; x_wconf 89' lang='lat' dir='ltr'><strong>sed</strong></span> <span class='ocrx_word' id='word_1_25' title='bbox 228 710 318 768; x_wconf 90' lang='lat' dir='ltr'><strong>prope</strong></span> <span class='ocrx_word' id='word_1_26' title='bbox 331 691 446 749; x_wconf 89' lang='lat' dir='ltr'><strong>silentio</strong></span> <span class='ocrx_word' id='word_1_27' title='bbox 467 710 534 749; x_wconf 90' lang='lat' dir='ltr'><strong>mox</strong></span> <span class='ocrx_word' id='word_1_28' title='bbox 548 710 647 749; x_wconf 89' lang='lat' dir='ltr'><strong>omnes</strong></span> <span class='ocrx_word' id='word_1_29' title='bbox 670 691 807 749; x_wconf 88' lang='lat' dir='ltr'><strong>traducti.</strong></span> <span class='ocrx_word' id='word_1_30' title='bbox 848 691 1010 749; x_wconf 79' lang='lat' dir='ltr'><strong>Castellum</strong></span> <span class='ocrx_word' id='word_1_31' title='bbox 1030 691 1107 761; x_wconf 90' lang='lat' dir='ltr'><strong>inde,</strong></span> 
     </span>
     <span class='ocr_line' id='line_1_6' title="bbox 155 770 1138 849; baseline -0.002 -20"><span class='ocrx_word' id='word_1_32' title='bbox 155 771 234 849; x_wconf 92' lang='lat' dir='ltr'><strong>quod</strong></span> <span class='ocrx_word' id='word_1_33' title='bbox 262 780 352 847; x_wconf 91' lang='lat' dir='ltr'><strong>caput</strong></span> <span class='ocrx_word' id='word_1_34' title='bbox 379 770 445 846; x_wconf 90' lang='lat' dir='ltr'><strong>ejus</strong></span> <span class='ocrx_word' id='word_1_35' title='bbox 472 771 598 847; x_wconf 86' lang='lat' dir='ltr'>regionis</span> <span class='ocrx_word' id='word_1_36' title='bbox 611 779 684 841; x_wconf 88' lang='lat' dir='ltr'><strong>erat,</strong></span> <span class='ocrx_word' id='word_1_37' title='bbox 712 771 882 847; x_wconf 89' lang='lat' dir='ltr'><strong>viculosque</strong></span> <span class='ocrx_word' id='word_1_38' title='bbox 903 770 1138 847; x_wconf 76' lang='lat' dir='ltr'><strong>circumjectosb</strong></span> 
     </span>
     <span class='ocr_line' id='line_1_7' title="bbox 155 849 1105 927; baseline -0.001 -19"><span class='ocrx_word' id='word_1_39' title='bbox 155 851 245 927; x_wconf 81' lang='lat' dir='ltr'>capit,</span> <span class='ocrx_word' id='word_1_40' title='bbox 257 859 286 907; x_wconf 91' lang='lat' dir='ltr'><strong>et</strong></span> <span class='ocrx_word' id='word_1_41' title='bbox 296 850 412 926; x_wconf 88' lang='lat' dir='ltr'><strong>captivo</strong></span> <span class='ocrx_word' id='word_1_42' title='bbox 423 868 458 907; x_wconf 88' lang='lat' dir='ltr'><strong>ac</strong></span> <span class='ocrx_word' id='word_1_43' title='bbox 469 850 622 925; x_wconf 81' lang='lat' dir='ltr'><strong>pecoribus</strong></span> <span class='ocrx_word' id='word_1_44' title='bbox 635 867 688 925; x_wconf 90' lang='lat' dir='ltr'><strong>per</strong></span> <span class='ocrx_word' id='word_1_45' title='bbox 701 849 830 907; x_wconf 86' lang='lat' dir='ltr'><strong>triduum</strong></span> <span class='ocrx_word' id='word_1_46' title='bbox 838 851 1000 908; x_wconf 88' lang='lat' dir='ltr'><strong>exercitum</strong></span> <span class='ocrx_word' id='word_1_47' title='bbox 1013 850 1105 923; x_wconf 81' lang='lat' dir='ltr'><strong>aluit3</strong></span> 
     </span>
     <span class='ocr_line' id='line_1_8' title="bbox 156 929 1107 1006; baseline -0.003 -18"><span class='ocrx_word' id='word_1_48' title='bbox 156 939 185 988; x_wconf 86' lang='lat' dir='ltr'><strong>et</strong></span> <span class='ocrx_word' id='word_1_49' title='bbox 207 930 279 1005; x_wconf 86' lang='lat' dir='ltr'><strong>quia</strong></span> <span class='ocrx_word' id='word_1_50' title='bbox 301 947 358 986; x_wconf 92' lang='lat' dir='ltr'><strong>nec</strong></span> <span class='ocrx_word' id='word_1_51' title='bbox 381 929 526 986; x_wconf 87' lang='lat' dir='ltr'><strong>montanis</strong></span> <span class='ocrx_word' id='word_1_52' title='bbox 549 929 641 1004; x_wconf 92' lang='lat' dir='ltr'><strong>primo</strong></span> <span class='ocrx_word' id='word_1_53' title='bbox 662 930 805 1005; x_wconf 89' lang='lat' dir='ltr'><strong>perculsis</strong></span> <span class='ocrx_word' id='word_1_54' title='bbox 828 947 885 987; x_wconf 92' lang='lat' dir='ltr'><strong>nec</strong></span> <span class='ocrx_word' id='word_1_55' title='bbox 907 929 972 987; x_wconf 91' lang='lat' dir='ltr'><strong>loco</strong></span> <span class='ocrx_word' id='word_1_56' title='bbox 989 947 1107 1006; x_wconf 83' lang='lat' dir='ltr'><strong>magno-</strong></span> 
     </span>
     <span class='ocr_line' id='line_1_9' title="bbox 177 1006 1106 1085; baseline 0.001 -20"><span class='ocrx_word' id='word_1_57' title='bbox 177 1027 229 1065; x_wconf 87' lang='lat' dir='ltr'><strong>ere</strong></span> <span class='ocrx_word' id='word_1_58' title='bbox 250 1007 493 1085; x_wconf 84' lang='lat' dir='ltr'><strong>impediebantur,</strong></span> <span class='ocrx_word' id='word_1_59' title='bbox 517 1006 699 1084; x_wconf 89' lang='lat' dir='ltr'><strong>aliquantum</strong></span> <span class='ocrx_word' id='word_1_60' title='bbox 720 1028 755 1066; x_wconf 90' lang='lat' dir='ltr'><strong>eo</strong></span> <span class='ocrx_word' id='word_1_61' title='bbox 776 1007 872 1066; x_wconf 91' lang='lat' dir='ltr'><strong>triduo</strong></span> <span class='ocrx_word' id='word_1_62' title='bbox 893 1009 950 1065; x_wconf 77' lang='lat' dir='ltr'><strong>vire</strong></span> <span class='ocrx_word' id='word_1_63' title='bbox 971 1007 1106 1066; x_wconf 79' lang='lat' dir='ltr'><strong>confecit.</strong></span> 
     </span>
     <span class='ocr_line' id='line_1_10' title="bbox 190 1085 1107 1163; baseline -0.002 -18"><span class='ocrx_word' id='word_1_64' title='bbox 190 1086 304 1145; x_wconf 83' lang='lat' dir='ltr'>XXIV.</span> <span class='ocrx_word' id='word_1_65' title='bbox 326 1086 504 1144; x_wconf 74' lang='lat' dir='ltr'><strong>Perventum</strong></span> <span class='ocrx_word' id='word_1_66' title='bbox 514 1085 631 1143; x_wconf 83' lang='lat' dir='ltr'><strong>indeed</strong></span> <span class='ocrx_word' id='word_1_67' title='bbox 647 1086 826 1163; x_wconf 86' lang='lat' dir='ltr'><strong>frequentem</strong></span> <span class='ocrx_word' id='word_1_68' title='bbox 835 1087 1107 1157; x_wconf 83' lang='lat' dir='ltr'><strong>cultoribusalium,</strong></span> 
     </span>
     <span class='ocr_line' id='line_1_11' title="bbox 158 1165 1157 1244; baseline 0 -21"><span class='ocrx_word' id='word_1_69' title='bbox 158 1176 191 1225; x_wconf 92' lang='lat' dir='ltr'><strong>ut</strong></span> <span class='ocrx_word' id='word_1_70' title='bbox 214 1167 293 1223; x_wconf 90' lang='lat' dir='ltr'><strong>inter</strong></span> <span class='ocrx_word' id='word_1_71' title='bbox 314 1174 474 1235; x_wconf 90' lang='lat' dir='ltr'><strong>montanos,</strong></span> <span class='ocrx_word' id='word_1_72' title='bbox 498 1165 647 1243; x_wconf 89' lang='lat' dir='ltr'><strong>populum.</strong></span> <span class='ocrx_word' id='word_1_73' title='bbox 690 1166 734 1224; x_wconf 93' lang='lat' dir='ltr'><strong>lbi</strong></span> <span class='ocrx_word' id='word_1_74' title='bbox 757 1186 815 1225; x_wconf 88' lang='lat' dir='ltr'><strong>nou</strong></span> <span class='ocrx_word' id='word_1_75' title='bbox 838 1166 915 1225; x_wconf 91' lang='lat' dir='ltr'><strong>bello</strong></span> <span class='ocrx_word' id='word_1_76' title='bbox 929 1178 1035 1244; x_wconf 91' lang='lat' dir='ltr'><strong>aperto,</strong></span> <span class='ocrx_word' id='word_1_77' title='bbox 1056 1167 1106 1225; x_wconf 85' lang='lat' dir='ltr'><strong>sed</strong></span> <span class='ocrx_word' id='word_1_78' title='bbox 1119 1167 1157 1223; x_wconf 84' lang='lat'><strong>1⁰</strong></span> 
     </span>
     <span class='ocr_line' id='line_1_12' title="bbox 157 1243 1106 1323; baseline 0 -20"><span class='ocrx_word' id='word_1_79' title='bbox 157 1246 220 1303; x_wconf 89' lang='lat' dir='ltr'><strong>suis</strong></span> <span class='ocrx_word' id='word_1_80' title='bbox 234 1243 492 1303; x_wconf 75' lang='lat' dir='ltr'><strong>artibus-fraude</strong></span> <span class='ocrx_word' id='word_1_81' title='bbox 506 1255 536 1303; x_wconf 89' lang='lat' dir='ltr'><strong>et</strong></span> <span class='ocrx_word' id='word_1_82' title='bbox 554 1244 750 1303; x_wconf 80' lang='lat' dir='ltr'><strong>insidiis-est</strong></span> <span class='ocrx_word' id='word_1_83' title='bbox 770 1264 857 1323; x_wconf 87' lang='lat' dir='ltr'><strong>prope</strong></span> <span class='ocrx_word' id='word_1_84' title='bbox 878 1247 1106 1304; x_wconf 81' lang='lat' dir='ltr'><strong>circumventus.</strong></span> 
     </span>
     <span class='ocr_line' id='line_1_13' title="bbox 158 1324 1108 1401; baseline 0.001 -20"><span class='ocrx_word' id='word_1_85' title='bbox 158 1324 270 1401; x_wconf 88' lang='lat' dir='ltr'><strong>Magno</strong></span> <span class='ocrx_word' id='word_1_86' title='bbox 293 1334 365 1381; x_wconf 89' lang='lat' dir='ltr'><strong>natu</strong></span> <span class='ocrx_word' id='word_1_87' title='bbox 388 1324 534 1400; x_wconf 83' lang='lat' dir='ltr'><strong>principes</strong></span> <span class='ocrx_word' id='word_1_88' title='bbox 558 1324 746 1381; x_wconf 88' lang='lat' dir='ltr'><strong>castellorum</strong></span> <span class='ocrx_word' id='word_1_89' title='bbox 766 1336 893 1383; x_wconf 84' lang='lat' dir='ltr'><strong>oratores</strong></span> <span class='ocrx_word' id='word_1_90' title='bbox 920 1324 957 1383; x_wconf 87' lang='lat' dir='ltr'><strong>ad</strong></span> <span class='ocrx_word' id='word_1_91' title='bbox 983 1325 1108 1383; x_wconf 89' lang='lat' dir='ltr'><strong>Poenum</strong></span> 
     </span>
     <span class='ocr_line' id='line_1_14' title="bbox 157 1401 1107 1479; baseline 0 -18"><span class='ocrx_word' id='word_1_92' title='bbox 157 1405 291 1473; x_wconf 87' lang='lat' dir='ltr'><strong>veniunt,</strong></span> <span class='ocrx_word' id='word_1_93' title='bbox 302 1403 406 1461; x_wconf 88' lang='lat' dir='ltr'><strong>alienis</strong></span> <span class='ocrx_word' id='word_1_94' title='bbox 416 1403 608 1461; x_wconf 88' lang='lat' dir='ltr'><strong>malis-utili</strong></span> <span class='ocrx_word' id='word_1_95' title='bbox 617 1401 897 1479; x_wconf 84' lang='lat' dir='ltr'><strong>exemplo-doctos,</strong></span> <span class='ocrx_word' id='word_1_96' title='bbox 906 1414 1107 1473; x_wconf 80' lang='lat' dir='ltr'><strong>memorantes,</strong></span> 
     </span>
     <span class='ocr_line' id='line_1_15' title="bbox 157 1482 1107 1559; baseline -0.001 -19"><span class='ocrx_word' id='word_1_97' title='bbox 157 1482 320 1540; x_wconf 75' lang='lat' dir='ltr'><strong>amicitiam</strong></span> <span class='ocrx_word' id='word_1_98' title='bbox 344 1482 433 1540; x_wconf 89' lang='lat' dir='ltr'><strong>malle</strong></span> <span class='ocrx_word' id='word_1_99' title='bbox 459 1501 549 1559; x_wconf 90' lang='lat' dir='ltr'><strong>quam</strong></span> <span class='ocrx_word' id='word_1_100' title='bbox 578 1482 638 1539; x_wconf 88' lang='lat' dir='ltr'><strong>vim</strong></span> <span class='ocrx_word' id='word_1_101' title='bbox 664 1482 792 1559; x_wconf 84' lang='lat' dir='ltr'><strong>experiri</strong></span> <span class='ocrx_word' id='word_1_102' title='bbox 815 1482 982 1552; x_wconf 77' lang='lat' dir='ltr'><strong>Poenorum,</strong></span> <span class='ocrx_word' id='word_1_103' title='bbox 1009 1483 1107 1558; x_wconf 89' lang='lat' dir='ltr'><strong>itaque</strong></span> 
     </span>
     <span class='ocr_line' id='line_1_16' title="bbox 156 1558 1157 1639; baseline -0.002 -20"><span class='ocrx_word' id='word_1_104' title='bbox 156 1561 327 1619; x_wconf 87' lang='lat' dir='ltr'><strong>obedienter</strong></span> <span class='ocrx_word' id='word_1_105' title='bbox 349 1562 493 1639; x_wconf 87' lang='lat' dir='ltr'><strong>imperata</strong></span> <span class='ocrx_word' id='word_1_106' title='bbox 514 1558 650 1631; x_wconf 85' lang='lat' dir='ltr'><strong>facturos,</strong></span> <span class='ocrx_word' id='word_1_107' title='bbox 666 1571 860 1619; x_wconf 88' lang='lat' dir='ltr'><strong>commeatum</strong></span> <span class='ocrx_word' id='word_1_108' title='bbox 873 1562 1043 1638; x_wconf 85' lang='lat' dir='ltr'><strong>itinerisque</strong></span> <span class='ocrx_word' id='word_1_109' title='bbox 1057 1561 1107 1617; x_wconf 91' lang='lat' dir='ltr'><strong>du·</strong></span> <span class='ocrx_word' id='word_1_110' title='bbox 1120 1563 1157 1617; x_wconf 81' lang='lat'><strong>1⁵</strong></span> 
     </span>
     <span class='ocr_line' id='line_1_17' title="bbox 157 1639 1107 1718; baseline -0.002 -19"><span class='ocrx_word' id='word_1_111' title='bbox 157 1660 210 1699; x_wconf 87' lang='lat' dir='ltr'><strong>ces</strong></span> <span class='ocrx_word' id='word_1_112' title='bbox 223 1650 253 1699; x_wconf 90' lang='lat' dir='ltr'><strong>et</strong></span> <span class='ocrx_word' id='word_1_113' title='bbox 267 1640 305 1698; x_wconf 91' lang='lat' dir='ltr'><strong>ad</strong></span> <span class='ocrx_word' id='word_1_114' title='bbox 319 1639 406 1698; x_wconf 90' lang='lat' dir='ltr'><strong>fidem</strong></span> <span class='ocrx_word' id='word_1_115' title='bbox 422 1642 626 1717; x_wconf 88' lang='lat' dir='ltr'><strong>promissorum</strong></span> <span class='ocrx_word' id='word_1_116' title='bbox 640 1640 753 1698; x_wconf 88' lang='lat' dir='ltr'><strong>obsides</strong></span> <span class='ocrx_word' id='word_1_117' title='bbox 768 1642 923 1718; x_wconf 87' lang='lat' dir='ltr'><strong>acciperet.</strong></span> <span class='ocrx_word' id='word_1_118' title='bbox 958 1640 1107 1698; x_wconf 81' lang='lat' dir='ltr'><strong>Hannibal</strong></span> 
     </span>
     <span class='ocr_line' id='line_1_18' title="bbox 158 1718 1107 1796; baseline 0 -19"><span class='ocrx_word' id='word_1_119' title='bbox 158 1736 222 1779; x_wconf 79' lang='lat' dir='ltr'><strong>nec&#39;</strong></span> <span class='ocrx_word' id='word_1_120' title='bbox 235 1730 346 1778; x_wconf 88' lang='lat' dir='ltr'><strong>temere</strong></span> <span class='ocrx_word' id='word_1_121' title='bbox 365 1718 543 1779; x_wconf 84' lang='lat' dir='ltr'><strong>credendum</strong></span> <span class='ocrx_word' id='word_1_122' title='bbox 556 1737 613 1777; x_wconf 91' lang='lat' dir='ltr'><strong>nec</strong></span> <span class='ocrx_word' id='word_1_123' title='bbox 627 1718 841 1795; x_wconf 88' lang='lat' dir='ltr'><strong>aspernandum</strong></span> <span class='ocrx_word' id='word_1_124' title='bbox 861 1729 951 1790; x_wconf 87' lang='lat' dir='ltr'><strong>ratus,</strong></span> <span class='ocrx_word' id='word_1_125' title='bbox 965 1737 1003 1777; x_wconf 88' lang='lat' dir='ltr'><strong>ne</strong></span> <span class='ocrx_word' id='word_1_126' title='bbox 1024 1738 1107 1796; x_wconf 89' lang='lat' dir='ltr'><strong>repu-</strong></span> 
     </span>
     <span class='ocr_line' id='line_1_19' title="bbox 157 1798 1107 1877; baseline -0.002 -18"><span class='ocrx_word' id='word_1_127' title='bbox 157 1799 229 1859; x_wconf 89' lang='lat' dir='ltr'><strong>diati</strong></span> <span class='ocrx_word' id='word_1_128' title='bbox 259 1809 358 1877; x_wconf 90' lang='lat' dir='ltr'><strong>aperte</strong></span> <span class='ocrx_word' id='word_1_129' title='bbox 389 1800 485 1858; x_wconf 89' lang='lat' dir='ltr'><strong>hostes</strong></span> <span class='ocrx_word' id='word_1_130' title='bbox 512 1799 625 1869; x_wconf 90' lang='lat' dir='ltr'><strong>fierent,</strong></span> <span class='ocrx_word' id='word_1_131' title='bbox 652 1798 776 1876; x_wconf 83' lang='lat' dir='ltr'><strong>benigne</strong></span> <span class='ocrx_word' id='word_1_132' title='bbox 804 1818 874 1858; x_wconf 89' lang='lat' dir='ltr'><strong>cum</strong></span> <span class='ocrx_word' id='word_1_133' title='bbox 906 1798 1107 1875; x_wconf 80' lang='lat' dir='ltr'><strong>respondisset,</strong></span> 
     </span>
     <span class='ocr_line' id='line_1_20' title="bbox 157 1878 1108 1955; baseline -0.003 -18"><span class='ocrx_word' id='word_1_134' title='bbox 157 1879 307 1939; x_wconf 83' lang='lat' dir='ltr'><strong>obsidibus</strong></span> <span class='ocrx_word' id='word_1_135' title='bbox 315 1898 388 1955; x_wconf 89' lang='lat' dir='ltr'><strong>quos</strong></span> <span class='ocrx_word' id='word_1_136' title='bbox 401 1878 510 1936; x_wconf 88' lang='lat' dir='ltr'><strong>dabant</strong></span> <span class='ocrx_word' id='word_1_137' title='bbox 523 1879 650 1955; x_wconf 87' lang='lat' dir='ltr'><strong>acceptis</strong></span> <span class='ocrx_word' id='word_1_138' title='bbox 663 1887 693 1937; x_wconf 91' lang='lat' dir='ltr'><strong>et</strong></span> <span class='ocrx_word' id='word_1_139' title='bbox 706 1888 871 1937; x_wconf 83' lang='lat' dir='ltr'><strong>commeatu</strong></span> <span class='ocrx_word' id='word_1_140' title='bbox 884 1898 971 1955; x_wconf 91' lang='lat' dir='ltr'><strong>quem</strong></span> <span class='ocrx_word' id='word_1_141' title='bbox 985 1879 1017 1935; x_wconf 92' lang='lat' dir='ltr'><strong>in</strong></span> <span class='ocrx_word' id='word_1_142' title='bbox 1030 1879 1108 1936; x_wconf 89' lang='lat' dir='ltr'><strong>viam</strong></span> 
     </span>
     <span class='ocr_line' id='line_1_21' title="bbox 157 1958 1157 2035; baseline -0.002 -20"><span class='ocrx_word' id='word_1_143' title='bbox 157 1958 213 2035; x_wconf 91' lang='lat' dir='ltr'><strong>ipsi</strong></span> <span class='ocrx_word' id='word_1_144' title='bbox 224 1958 391 2016; x_wconf 88' lang='lat' dir='ltr'><strong>detulerant</strong></span> <span class='ocrx_word' id='word_1_145' title='bbox 401 1977 482 2027; x_wconf 88' lang='lat' dir='ltr'><strong>usus,</strong></span> <span class='ocrx_word' id='word_1_146' title='bbox 491 1976 676 2034; x_wconf 87' lang='lat' dir='ltr'><strong>nequaquam</strong></span> <span class='ocrx_word' id='word_1_147' title='bbox 688 1967 719 2015; x_wconf 91' lang='lat' dir='ltr'><strong>ut</strong></span> <span class='ocrx_word' id='word_1_148' title='bbox 730 1959 806 2016; x_wconf 91' lang='lat' dir='ltr'><strong>inter</strong></span> <span class='ocrx_word' id='word_1_149' title='bbox 819 1969 944 2035; x_wconf 88' lang='lat' dir='ltr'><strong>pacatos,</strong></span> <span class='ocrx_word' id='word_1_150' title='bbox 954 1958 1108 2034; x_wconf 90' lang='lat' dir='ltr'><strong>composito</strong></span> <span class='ocrx_word' id='word_1_151' title='bbox 1116 1958 1157 2013; x_wconf 80' lang='lat'><strong>20</strong></span> 
     </span>
     <span class='ocr_line' id='line_1_22' title="bbox 158 2036 1108 2116; baseline -0.002 -21"><span class='ocrx_word' id='word_1_152' title='bbox 158 2038 277 2116; x_wconf 84' lang='lat' dir='ltr'><strong>agmine</strong></span> <span class='ocrx_word' id='word_1_153' title='bbox 297 2037 388 2096; x_wconf 91' lang='lat' dir='ltr'><strong>duces</strong></span> <span class='ocrx_word' id='word_1_154' title='bbox 402 2056 503 2095; x_wconf 91' lang='lat' dir='ltr'><strong>eorum</strong></span> <span class='ocrx_word' id='word_1_155' title='bbox 517 2039 665 2115; x_wconf 87' lang='lat' dir='ltr'><strong>sequitur:</strong></span> <span class='ocrx_word' id='word_1_156' title='bbox 687 2037 814 2113; x_wconf 91' lang='lat' dir='ltr'><strong>primum</strong></span> <span class='ocrx_word' id='word_1_157' title='bbox 835 2056 940 2115; x_wconf 86' lang='lat' dir='ltr'><strong>agmen</strong></span> <span class='ocrx_word' id='word_1_158' title='bbox 962 2036 1108 2114; x_wconf 91' lang='lat' dir='ltr'><strong>elephanti</strong></span> 
     </span>
     <span class='ocr_line' id='line_1_23' title="bbox 157 2116 1107 2194; baseline -0.004 -19"><span class='ocrx_word' id='word_1_159' title='bbox 157 2128 189 2176; x_wconf 92' lang='lat' dir='ltr'><strong>et</strong></span> <span class='ocrx_word' id='word_1_160' title='bbox 212 2118 326 2194; x_wconf 90' lang='lat' dir='ltr'><strong>equites</strong></span> <span class='ocrx_word' id='word_1_161' title='bbox 347 2126 439 2187; x_wconf 86' lang='lat' dir='ltr'><strong>erant,</strong></span> <span class='ocrx_word' id='word_1_162' title='bbox 461 2118 522 2193; x_wconf 88' lang='lat' dir='ltr'><strong>ipse</strong></span> <span class='ocrx_word' id='word_1_163' title='bbox 543 2126 605 2192; x_wconf 91' lang='lat' dir='ltr'><strong>post</strong></span> <span class='ocrx_word' id='word_1_164' title='bbox 625 2135 695 2175; x_wconf 93' lang='lat' dir='ltr'><strong>cum</strong></span> <span class='ocrx_word' id='word_1_165' title='bbox 715 2116 816 2174; x_wconf 89' lang='lat' dir='ltr'><strong>robore</strong></span> <span class='ocrx_word' id='word_1_166' title='bbox 840 2117 968 2193; x_wconf 88' lang='lat' dir='ltr'><strong>peditum</strong></span> <span class='ocrx_word' id='word_1_167' title='bbox 982 2116 1107 2174; x_wconf 89' lang='lat' dir='ltr'><strong>circum-</strong></span> 
     </span>
     <span class='ocr_line' id='line_1_24' title="bbox 156 2194 1107 2273; baseline -0.003 -18"><span class='ocrx_word' id='word_1_168' title='bbox 156 2207 296 2273; x_wconf 88' lang='lat' dir='ltr'><strong>spectans</strong></span> <span class='ocrx_word' id='word_1_169' title='bbox 310 2196 509 2272; x_wconf 90' lang='lat' dir='ltr'><strong>sollicitusque</strong></span> <span class='ocrx_word' id='word_1_170' title='bbox 523 2196 620 2254; x_wconf 85' lang='lat' dir='ltr'><strong>omnia</strong></span> <span class='ocrx_word' id='word_1_171' title='bbox 634 2194 795 2253; x_wconf 88' lang='lat' dir='ltr'><strong>incedebat.</strong></span> <span class='ocrx_word' id='word_1_172' title='bbox 838 2196 897 2255; x_wconf 92' lang='lat' dir='ltr'><strong>Ubi</strong></span> <span class='ocrx_word' id='word_1_173' title='bbox 916 2196 947 2253; x_wconf 91' lang='lat' dir='ltr'><strong>in</strong></span> <span class='ocrx_word' id='word_1_174' title='bbox 962 2194 1107 2273; x_wconf 88' lang='lat' dir='ltr'><strong>angustio·</strong></span> 
     </span>
     <span class='ocr_line' id='line_1_25' title="bbox 158 2274 1108 2353; baseline -0.002 -20"><span class='ocrx_word' id='word_1_175' title='bbox 158 2295 222 2334; x_wconf 90' lang='lat' dir='ltr'><strong>rem</strong></span> <span class='ocrx_word' id='word_1_176' title='bbox 233 2277 314 2333; x_wconf 85' lang='lat' dir='ltr'><strong>viam</strong></span> <span class='ocrx_word' id='word_1_177' title='bbox 322 2286 351 2334; x_wconf 89' lang='lat' dir='ltr'><strong>et</strong></span> <span class='ocrx_word' id='word_1_178' title='bbox 365 2285 446 2352; x_wconf 87' lang='lat' dir='ltr'><strong>parte</strong></span> <span class='ocrx_word' id='word_1_179' title='bbox 461 2275 553 2333; x_wconf 88' lang='lat' dir='ltr'><strong>altera</strong></span> <span class='ocrx_word' id='word_1_180' title='bbox 561 2274 723 2351; x_wconf 90' lang='lat' dir='ltr'><strong>subjectam</strong></span> <span class='ocrx_word' id='word_1_181' title='bbox 733 2275 806 2353; x_wconf 89' lang='lat' dir='ltr'><strong>jugo</strong></span> <span class='ocrx_word' id='word_1_182' title='bbox 816 2275 935 2353; x_wconf 91' lang='lat' dir='ltr'><strong>insuper</strong></span> <span class='ocrx_word' id='word_1_183' title='bbox 948 2275 1108 2333; x_wconf 89' lang='lat' dir='ltr'><strong>imminenti</strong></span> 
     </span>
     <span class='ocr_line' id='line_1_26' title="bbox 157 2354 1156 2432; baseline -0.004 -18"><span class='ocrx_word' id='word_1_184' title='bbox 157 2365 281 2415; x_wconf 83' lang='lat' dir='ltr'><strong>rentum</strong></span> <span class='ocrx_word' id='word_1_185' title='bbox 295 2365 348 2425; x_wconf 90' lang='lat' dir='ltr'><strong>est,</strong></span> <span class='ocrx_word' id='word_1_186' title='bbox 363 2354 491 2431; x_wconf 88' lang='lat' dir='ltr'><strong>undique</strong></span> <span class='ocrx_word' id='word_1_187' title='bbox 504 2373 541 2411; x_wconf 86' lang='lat' dir='ltr'><strong>ex</strong></span> <span class='ocrx_word' id='word_1_188' title='bbox 562 2354 673 2412; x_wconf 88' lang='lat' dir='ltr'><strong>insidiis</strong></span> <span class='ocrx_word' id='word_1_189' title='bbox 690 2355 806 2412; x_wconf 86' lang='lat' dir='ltr'><strong>barbari</strong></span> <span class='ocrx_word' id='word_1_190' title='bbox 821 2374 838 2413; x_wconf 87' lang='lat' dir='ltr'><strong>a</strong></span> <span class='ocrx_word' id='word_1_191' title='bbox 852 2354 955 2424; x_wconf 83' lang='lat' dir='ltr'><strong>fronte,</strong></span> <span class='ocrx_word' id='word_1_192' title='bbox 971 2356 1007 2413; x_wconf 92' lang='lat' dir='ltr'><strong>ab</strong></span> <span class='ocrx_word' id='word_1_193' title='bbox 1025 2365 1107 2432; x_wconf 87' lang='lat' dir='ltr'><strong>tergo</strong></span> <span class='ocrx_word' id='word_1_194' title='bbox 1116 2357 1156 2411; x_wconf 79' lang='lat'><strong>25</strong></span> 
     </span>
     <span class='ocr_line' id='line_1_27' title="bbox 158 2434 1107 2511; baseline -0.005 -16"><span class='ocrx_word' id='word_1_195' title='bbox 158 2436 261 2504; x_wconf 83' lang='lat' dir='ltr'><strong>coorti,</strong></span> <span class='ocrx_word' id='word_1_196' title='bbox 276 2434 439 2492; x_wconf 90' lang='lat' dir='ltr'><strong>comminus</strong></span> <span class='ocrx_word' id='word_1_197' title='bbox 461 2434 575 2492; x_wconf 91' lang='lat' dir='ltr'><strong>eminus</strong></span> <span class='ocrx_word' id='word_1_198' title='bbox 594 2443 703 2510; x_wconf 91' lang='lat' dir='ltr'><strong>petunt,</strong></span> <span class='ocrx_word' id='word_1_199' title='bbox 718 2453 790 2492; x_wconf 84' lang='lat' dir='ltr'><strong>saxa</strong></span> <span class='ocrx_word' id='word_1_200' title='bbox 808 2435 937 2511; x_wconf 89' lang='lat' dir='ltr'><strong>ingentia</strong></span> <span class='ocrx_word' id='word_1_201' title='bbox 957 2436 988 2492; x_wconf 88' lang='lat' dir='ltr'><strong>iu</strong></span> <span class='ocrx_word' id='word_1_202' title='bbox 1002 2452 1107 2510; x_wconf 89' lang='lat' dir='ltr'><strong>agmen</strong></span> 
     </span>
     <span class='ocr_line' id='line_1_28' title="bbox 158 2512 1107 2589; baseline -0.002 -18"><span class='ocrx_word' id='word_1_203' title='bbox 158 2514 329 2575; x_wconf 77' lang='lat' dir='ltr'><strong>devolvunt.</strong></span> <span class='ocrx_word' id='word_1_204' title='bbox 372 2512 502 2570; x_wconf 87' lang='lat' dir='ltr'><strong>Maxima</strong></span> <span class='ocrx_word' id='word_1_205' title='bbox 526 2512 563 2570; x_wconf 89' lang='lat' dir='ltr'><strong>ab</strong></span> <span class='ocrx_word' id='word_1_206' title='bbox 583 2514 724 2589; x_wconf 79' lang='lat' dir='ltr'><strong>tergoris</strong></span> <span class='ocrx_word' id='word_1_207' title='bbox 744 2512 893 2570; x_wconf 92' lang='lat' dir='ltr'><strong>hominum</strong></span> <span class='ocrx_word' id='word_1_208' title='bbox 914 2513 1055 2589; x_wconf 83' lang='lat' dir='ltr'><strong>urgebat:</strong></span> <span class='ocrx_word' id='word_1_209' title='bbox 1076 2513 1107 2569; x_wconf 88' lang='lat' dir='ltr'><strong>iu</strong></span> 
     </span>
     <span class='ocr_line' id='line_1_29' title="bbox 158 2589 1107 2669; baseline -0.004 -17"><span class='ocrx_word' id='word_1_210' title='bbox 158 2613 209 2653; x_wconf 86' lang='lat' dir='ltr'><strong>eos</strong></span> <span class='ocrx_word' id='word_1_211' title='bbox 233 2612 321 2651; x_wconf 86' lang='lat' dir='ltr'><strong>versa</strong></span> <span class='ocrx_word' id='word_1_212' title='bbox 347 2592 475 2669; x_wconf 92' lang='lat' dir='ltr'><strong>peditum</strong></span> <span class='ocrx_word' id='word_1_213' title='bbox 503 2592 582 2649; x_wconf 87' lang='lat' dir='ltr'><strong>acies</strong></span> <span class='ocrx_word' id='word_1_214' title='bbox 603 2591 681 2649; x_wconf 89' lang='lat' dir='ltr'><strong>haud</strong></span> <span class='ocrx_word' id='word_1_215' title='bbox 704 2590 825 2648; x_wconf 91' lang='lat' dir='ltr'><strong>dubium</strong></span> <span class='ocrx_word' id='word_1_216' title='bbox 849 2589 927 2661; x_wconf 78' lang='lat' dir='ltr'><strong>fecit,</strong></span> <span class='ocrx_word' id='word_1_217' title='bbox 948 2592 1029 2667; x_wconf 89' lang='lat' dir='ltr'><strong>quin,</strong></span> <span class='ocrx_word' id='word_1_218' title='bbox 1050 2591 1107 2648; x_wconf 86' lang='lat' dir='ltr'><strong>nisi</strong></span> 
     </span>
     <span class='ocr_line' id='line_1_30' title="bbox 158 2667 1106 2748; baseline -0.007 -17"><span class='ocrx_word' id='word_1_219' title='bbox 158 2673 276 2731; x_wconf 88' lang='lat' dir='ltr'><strong>firmata</strong></span> <span class='ocrx_word' id='word_1_220' title='bbox 290 2680 421 2730; x_wconf 85' lang='lat' dir='ltr'><strong>extrema</strong></span> <span class='ocrx_word' id='word_1_221' title='bbox 435 2671 559 2748; x_wconf 85' lang='lat' dir='ltr'><strong>agminis</strong></span> <span class='ocrx_word' id='word_1_222' title='bbox 579 2668 710 2739; x_wconf 89' lang='lat' dir='ltr'><strong>t&#39;uissent,</strong></span> <span class='ocrx_word' id='word_1_223' title='bbox 725 2670 828 2747; x_wconf 88' lang='lat' dir='ltr'><strong>ingens</strong></span> <span class='ocrx_word' id='word_1_224' title='bbox 848 2670 879 2726; x_wconf 88' lang='lat' dir='ltr'><strong>iu</strong></span> <span class='ocrx_word' id='word_1_225' title='bbox 892 2688 927 2727; x_wconf 91' lang='lat' dir='ltr'><strong>eo</strong></span> <span class='ocrx_word' id='word_1_226' title='bbox 940 2670 1017 2727; x_wconf 90' lang='lat' dir='ltr'><strong>saltu</strong></span> <span class='ocrx_word' id='word_1_227' title='bbox 1030 2667 1106 2726; x_wconf 90' lang='lat' dir='ltr'><strong>acci·</strong></span> 
     </span>
     <span class='ocr_line' id='line_1_31' title="bbox 156 2747 1157 2829; baseline -0.005 -19"><span class='ocrx_word' id='word_1_228' title='bbox 156 2752 266 2829; x_wconf 83' lang='lat' dir='ltr'><strong>pianda</strong></span> <span class='ocrx_word' id='word_1_229' title='bbox 280 2751 380 2810; x_wconf 86' lang='lat' dir='ltr'><strong>clades</strong></span> <span class='ocrx_word' id='word_1_230' title='bbox 394 2749 489 2809; x_wconf 83' lang='lat' dir='ltr'><strong>fuerit.</strong></span> <span class='ocrx_word' id='word_1_231' title='bbox 527 2750 616 2808; x_wconf 90' lang='lat' dir='ltr'><strong>Tunc</strong></span> <span class='ocrx_word' id='word_1_232' title='bbox 629 2767 744 2827; x_wconf 92' lang='lat' dir='ltr'><strong>quoque</strong></span> <span class='ocrx_word' id='word_1_233' title='bbox 758 2747 794 2806; x_wconf 90' lang='lat' dir='ltr'><strong>ad</strong></span> <span class='ocrx_word' id='word_1_234' title='bbox 809 2758 971 2807; x_wconf 90' lang='lat' dir='ltr'><strong>extremum</strong></span> <span class='ocrx_word' id='word_1_235' title='bbox 984 2748 1108 2826; x_wconf 90' lang='lat' dir='ltr'><strong>periculi</strong></span> <span class='ocrx_word' id='word_1_236' title='bbox 1118 2750 1157 2805; x_wconf 88' lang='grc'><strong>30</strong></span> 
     </span>
     <span class='ocr_line' id='line_1_32' title="bbox 160 2828 1109 2909; baseline -0.005 -20"><span class='ocrx_word' id='word_1_237' title='bbox 160 2851 196 2889; x_wconf 87' lang='lat' dir='ltr'><strong>ac</strong></span> <span class='ocrx_word' id='word_1_238' title='bbox 224 2850 313 2909; x_wconf 91' lang='lat' dir='ltr'><strong>prope</strong></span> <span class='ocrx_word' id='word_1_239' title='bbox 337 2830 495 2907; x_wconf 91' lang='lat' dir='ltr'><strong>perniciem</strong></span> <span class='ocrx_word' id='word_1_240' title='bbox 523 2839 642 2887; x_wconf 89' lang='lat' dir='ltr'><strong>ventum</strong></span> <span class='ocrx_word' id='word_1_241' title='bbox 669 2839 730 2887; x_wconf 89' lang='lat' dir='ltr'><strong>est:</strong></span> <span class='ocrx_word' id='word_1_242' title='bbox 761 2847 830 2886; x_wconf 86' lang='lat' dir='ltr'><strong>nam</strong></span> <span class='ocrx_word' id='word_1_243' title='bbox 857 2828 927 2886; x_wconf 88' lang='lat' dir='ltr'><strong>dum</strong></span> <span class='ocrx_word' id='word_1_244' title='bbox 954 2837 1109 2888; x_wconf 87' lang='lat' dir='ltr'><strong>cunctatur</strong></span> 
     </span>
     <span class='ocr_line' id='line_1_33' title="bbox 162 2908 1107 2987; baseline -0.003 -18"><span class='ocrx_word' id='word_1_245' title='bbox 162 2910 313 2969; x_wconf 89' lang='lat' dir='ltr'><strong>Hannibal</strong></span> <span class='ocrx_word' id='word_1_246' title='bbox 333 2910 476 2967; x_wconf 89' lang='lat' dir='ltr'><strong>dimittere</strong></span> <span class='ocrx_word' id='word_1_247' title='bbox 491 2928 596 2987; x_wconf 87' lang='lat' dir='ltr'><strong>agmen</strong></span> <span class='ocrx_word' id='word_1_248' title='bbox 617 2909 647 2966; x_wconf 92' lang='lat' dir='ltr'><strong>in</strong></span> <span class='ocrx_word' id='word_1_249' title='bbox 662 2909 818 2985; x_wconf 86' lang='lat' dir='ltr'><strong>angustias,</strong></span> <span class='ocrx_word' id='word_1_250' title='bbox 833 2909 902 2985; x_wconf 93' lang='lat' dir='ltr'><strong>quia</strong></span> <span class='ocrx_word' id='word_1_251' title='bbox 917 2926 983 2980; x_wconf 93' lang='lat' dir='ltr'><strong>non,</strong></span> <span class='ocrx_word' id='word_1_252' title='bbox 998 2918 1030 2966; x_wconf 90' lang='lat' dir='ltr'><strong>ut</strong></span> <span class='ocrx_word' id='word_1_253' title='bbox 1047 2908 1107 2986; x_wconf 85' lang='lat' dir='ltr'><strong>ipse</strong></span> 
     </span>
     <span class='ocr_line' id='line_1_34' title="bbox 161 2988 1109 3067; baseline -0.004 -16"><span class='ocrx_word' id='word_1_254' title='bbox 161 2991 307 3067; x_wconf 85' lang='lat' dir='ltr'><strong>equitibus</strong></span> <span class='ocrx_word' id='word_1_255' title='bbox 332 2990 463 3066; x_wconf 79' lang='lat' dir='ltr'><strong>praesidio</strong></span> <span class='ocrx_word' id='word_1_256' title='bbox 477 2998 549 3058; x_wconf 91' lang='lat' dir='ltr'><strong>erat,</strong></span> <span class='ocrx_word' id='word_1_257' title='bbox 580 2988 621 3045; x_wconf 88' lang='lat' dir='ltr'><strong>ita</strong></span> <span class='ocrx_word' id='word_1_258' title='bbox 641 2989 785 3066; x_wconf 88' lang='lat' dir='ltr'><strong>peditibus</strong></span> <span class='ocrx_word' id='word_1_259' title='bbox 804 2988 962 3066; x_wconf 87' lang='lat' dir='ltr'><strong>quidquam</strong></span> <span class='ocrx_word' id='word_1_260' title='bbox 977 2990 1013 3047; x_wconf 90' lang='lat' dir='ltr'><strong>ab</strong></span> <span class='ocrx_word' id='word_1_261' title='bbox 1026 2999 1109 3067; x_wconf 88' lang='lat' dir='ltr'><strong>tergo</strong></span> 
     </span>
     <span class='ocr_line' id='line_1_35' title="bbox 161 3067 1106 3146; baseline -0.003 -19"><span class='ocrx_word' id='word_1_262' title='bbox 161 3070 265 3128; x_wconf 87' lang='lat' dir='ltr'><strong>anxilii</strong></span> <span class='ocrx_word' id='word_1_263' title='bbox 288 3068 455 3146; x_wconf 88' lang='lat' dir='ltr'><strong>reliquerat,</strong></span> <span class='ocrx_word' id='word_1_264' title='bbox 470 3079 656 3127; x_wconf 84' lang='lat' dir='ltr'><strong>occursantes</strong></span> <span class='ocrx_word' id='word_1_265' title='bbox 677 3083 729 3146; x_wconf 88' lang='lat' dir='ltr'><strong>per</strong></span> <span class='ocrx_word' id='word_1_266' title='bbox 742 3067 859 3145; x_wconf 91' lang='lat' dir='ltr'><strong>obliqua</strong></span> <span class='ocrx_word' id='word_1_267' title='bbox 873 3069 1000 3128; x_wconf 88' lang='lat' dir='ltr'><strong>montani</strong></span> <span class='ocrx_word' id='word_1_268' title='bbox 1020 3069 1106 3127; x_wconf 88' lang='lat' dir='ltr'><strong>inter-</strong></span> 
     </span>
     <span class='ocr_line' id='line_1_36' title="bbox 162 3147 1157 3226; baseline -0.003 -19"><span class='ocrx_word' id='word_1_269' title='bbox 162 3158 244 3226; x_wconf 87' lang='lat' dir='ltr'><strong>rupto</strong></span> <span class='ocrx_word' id='word_1_270' title='bbox 259 3148 354 3205; x_wconf 91' lang='lat' dir='ltr'><strong>medio</strong></span> <span class='ocrx_word' id='word_1_271' title='bbox 368 3149 485 3225; x_wconf 88' lang='lat' dir='ltr'><strong>agmine</strong></span> <span class='ocrx_word' id='word_1_272' title='bbox 499 3148 577 3205; x_wconf 91' lang='lat' dir='ltr'><strong>viam</strong></span> <span class='ocrx_word' id='word_1_273' title='bbox 591 3147 732 3218; x_wconf 88' lang='lat' dir='ltr'><strong>insedere,</strong></span> <span class='ocrx_word' id='word_1_274' title='bbox 747 3167 861 3225; x_wconf 86' lang='lat' dir='ltr'><strong>noxque</strong></span> <span class='ocrx_word' id='word_1_275' title='bbox 876 3167 935 3206; x_wconf 92' lang='lat' dir='ltr'><strong>una</strong></span> <span class='ocrx_word' id='word_1_276' title='bbox 948 3147 1107 3206; x_wconf 82' lang='lat' dir='ltr'><strong>Hannibali</strong></span> <span class='ocrx_word' id='word_1_277' title='bbox 1118 3150 1157 3204; x_wconf 83' lang='lat'><strong>35</strong></span> 
     </span>
     <span class='ocr_line' id='line_1_37' title="bbox 161 3226 1107 3304; baseline -0.002 -19"><span class='ocrx_word' id='word_1_278' title='bbox 161 3229 223 3285; x_wconf 84' lang='lat' dir='ltr'><strong>sine</strong></span> <span class='ocrx_word' id='word_1_279' title='bbox 252 3227 399 3304; x_wconf 89' lang='lat' dir='ltr'><strong>equitibus</strong></span> <span class='ocrx_word' id='word_1_280' title='bbox 427 3237 514 3304; x_wconf 87' lang='lat' dir='ltr'><strong>atque</strong></span> <span class='ocrx_word' id='word_1_281' title='bbox 541 3226 752 3304; x_wconf 87' lang='lat' dir='ltr'><strong>impedimentis</strong></span> <span class='ocrx_word' id='word_1_282' title='bbox 780 3238 846 3285; x_wconf 89' lang='lat' dir='ltr'><strong>acta</strong></span> <span class='ocrx_word' id='word_1_283' title='bbox 872 3236 925 3284; x_wconf 91' lang='lat' dir='ltr'><strong>est.</strong></span> <span class='ocrx_word' id='word_1_284' title='bbox 981 3226 1107 3284; x_wconf 89' lang='lat' dir='ltr'>XXXV.</span> 
     </span>
     <span class='ocr_line' id='line_1_38' title="bbox 163 3305 1108 3385; baseline -0.001 -21"><span class='ocrx_word' id='word_1_285' title='bbox 163 3307 280 3365; x_wconf 88' lang='lat' dir='ltr'><strong>Postero</strong></span> <span class='ocrx_word' id='word_1_286' title='bbox 293 3306 340 3365; x_wconf 87' lang='lat' dir='ltr'><strong>die</strong></span> <span class='ocrx_word' id='word_1_287' title='bbox 359 3307 421 3383; x_wconf 90' lang='lat' dir='ltr'><strong>jam</strong></span> <span class='ocrx_word' id='word_1_288' title='bbox 435 3306 554 3385; x_wconf 84' lang='lat' dir='ltr'><strong>segnius</strong></span> <span class='ocrx_word' id='word_1_289' title='bbox 568 3306 829 3364; x_wconf 87' lang='lat' dir='ltr'><strong>intercursantibus</strong></span> <span class='ocrx_word' id='word_1_290' title='bbox 849 3305 980 3363; x_wconf 89' lang='lat' dir='ltr'><strong>barbaris</strong></span> <span class='ocrx_word' id='word_1_291' title='bbox 997 3306 1108 3381; x_wconf 85' lang='lat' dir='ltr'><strong>junctae</strong></span> 
     </span>
     <span class='ocr_line' id='line_1_39' title="bbox 161 3384 1108 3463; baseline -0.003 -20"><span class='ocrx_word' id='word_1_292' title='bbox 161 3388 261 3463; x_wconf 69' lang='lat' dir='ltr'><strong>copiae,</strong></span> <span class='ocrx_word' id='word_1_293' title='bbox 269 3385 420 3462; x_wconf 88' lang='lat' dir='ltr'><strong>saltusque</strong></span> <span class='ocrx_word' id='word_1_294' title='bbox 430 3387 506 3444; x_wconf 90' lang='lat' dir='ltr'><strong>haud</strong></span> <span class='ocrx_word' id='word_1_295' title='bbox 516 3386 578 3443; x_wconf 89' lang='lat' dir='ltr'><strong>sine</strong></span> <span class='ocrx_word' id='word_1_296' title='bbox 587 3386 681 3457; x_wconf 90' lang='lat' dir='ltr'><strong>clade,</strong></span> <span class='ocrx_word' id='word_1_297' title='bbox 688 3385 797 3461; x_wconf 90' lang='lat' dir='ltr'><strong>majore</strong></span> <span class='ocrx_word' id='word_1_298' title='bbox 806 3395 902 3443; x_wconf 89' lang='lat' dir='ltr'><strong>tamen</strong></span> <span class='ocrx_word' id='word_1_299' title='bbox 909 3384 1108 3460; x_wconf 88' lang='lat' dir='ltr'><strong>jumentorum</strong></span> 
     </span>
     <span class='ocr_line' id='line_1_40' title="bbox 161 3463 1107 3542; baseline -0.004 -19"><span class='ocrx_word' id='word_1_300' title='bbox 161 3484 249 3541; x_wconf 91' lang='lat' dir='ltr'><strong>quam</strong></span> <span class='ocrx_word' id='word_1_301' title='bbox 272 3466 422 3523; x_wconf 90' lang='lat' dir='ltr'><strong>hominum</strong></span> <span class='ocrx_word' id='word_1_302' title='bbox 443 3466 580 3542; x_wconf 89' lang='lat' dir='ltr'><strong>pernicie,</strong></span> <span class='ocrx_word' id='word_1_303' title='bbox 595 3475 758 3542; x_wconf 88' lang='lat' dir='ltr'><strong>superatus.</strong></span> <span class='ocrx_word' id='word_1_304' title='bbox 801 3463 870 3522; x_wconf 92' lang='lat' dir='ltr'><strong>lnde</strong></span> <span class='ocrx_word' id='word_1_305' title='bbox 889 3463 1017 3521; x_wconf 90' lang='lat' dir='ltr'><strong>montani</strong></span> <span class='ocrx_word' id='word_1_306' title='bbox 1038 3481 1107 3539; x_wconf 89' lang='lat' dir='ltr'><strong>pau-</strong></span> 
     </span>
     <span class='ocr_line' id='line_1_41' title="bbox 161 3543 1144 3622; baseline -0.008 -19"><span class='ocrx_word' id='word_1_307' title='bbox 161 3546 255 3603; x_wconf 85' lang='lat' dir='ltr'><strong>ciores</strong></span> <span class='ocrx_word' id='word_1_308' title='bbox 267 3544 330 3620; x_wconf 89' lang='lat' dir='ltr'><strong>jam</strong></span> <span class='ocrx_word' id='word_1_309' title='bbox 345 3555 374 3602; x_wconf 91' lang='lat' dir='ltr'><strong>et</strong></span> <span class='ocrx_word' id='word_1_310' title='bbox 394 3545 538 3603; x_wconf 91' lang='lat' dir='ltr'><strong>latrocinii</strong></span> <span class='ocrx_word' id='word_1_311' title='bbox 559 3546 652 3622; x_wconf 83' lang='lat' dir='ltr'><strong>magis</strong></span> <span class='ocrx_word' id='word_1_312' title='bbox 666 3563 755 3621; x_wconf 90' lang='lat' dir='ltr'><strong>quam</strong></span> <span class='ocrx_word' id='word_1_313' title='bbox 769 3543 838 3600; x_wconf 91' lang='lat' dir='ltr'><strong>belli</strong></span> <span class='ocrx_word' id='word_1_314' title='bbox 852 3562 941 3612; x_wconf 92' lang='lat' dir='ltr'><strong>more,</strong></span> <span class='ocrx_word' id='word_1_315' title='bbox 953 3560 1106 3600; x_wconf 88' lang='lat' dir='ltr'><strong>concursa-</strong></span> <span class='ocrx_word' id='word_1_316' title='bbox 1118 3546 1144 3600; x_wconf 67' lang='lat' dir='ltr'><strong>tr</strong></span> 
     </span>
     <span class='ocr_line' id='line_1_42' title="bbox 162 3623 1108 3701; baseline -0.001 -21"><span class='ocrx_word' id='word_1_317' title='bbox 162 3634 230 3682; x_wconf 81' lang='lat' dir='ltr'><strong>nant</strong></span> <span class='ocrx_word' id='word_1_318' title='bbox 258 3623 343 3682; x_wconf 91' lang='lat' dir='ltr'><strong>modo</strong></span> <span class='ocrx_word' id='word_1_319' title='bbox 364 3625 393 3681; x_wconf 90' lang='lat' dir='ltr'><strong>in</strong></span> <span class='ocrx_word' id='word_1_320' title='bbox 415 3625 540 3701; x_wconf 91' lang='lat' dir='ltr'><strong>primum</strong></span> <span class='ocrx_word' id='word_1_321' title='bbox 565 3624 647 3683; x_wconf 94' lang='lat' dir='ltr'><strong>modo</strong></span> <span class='ocrx_word' id='word_1_322' title='bbox 667 3625 699 3680; x_wconf 90' lang='lat' dir='ltr'><strong>in</strong></span> <span class='ocrx_word' id='word_1_323' title='bbox 719 3623 907 3680; x_wconf 88' lang='lat' dir='ltr'><strong>novissimum</strong></span> <span class='ocrx_word' id='word_1_324' title='bbox 928 3640 1043 3699; x_wconf 87' lang='lat' dir='ltr'><strong>agmen,</strong></span> <span class='ocrx_word' id='word_1_325' title='bbox 1064 3631 1108 3679; x_wconf 88' lang='lat' dir='ltr'><strong>ut-</strong></span> 
     </span>
     <span class='ocr_line' id='line_1_43' title="bbox 161 3700 1109 3781; baseline 0 -21"><span class='ocrx_word' id='word_1_326' title='bbox 161 3722 289 3780; x_wconf 87' lang='lat' dir='ltr'><strong>cumque</strong></span> <span class='ocrx_word' id='word_1_327' title='bbox 319 3714 370 3761; x_wconf 86' lang='lat' dir='ltr'><strong>aut</strong></span> <span class='ocrx_word' id='word_1_328' title='bbox 397 3705 479 3762; x_wconf 91' lang='lat' dir='ltr'><strong>locus</strong></span> <span class='ocrx_word' id='word_1_329' title='bbox 506 3704 745 3781; x_wconf 89' lang='lat' dir='ltr'><strong>opportunitatem</strong></span> <span class='ocrx_word' id='word_1_330' title='bbox 773 3700 862 3771; x_wconf 89' lang='lat' dir='ltr'><strong>daret,</strong></span> <span class='ocrx_word' id='word_1_331' title='bbox 888 3710 939 3760; x_wconf 89' lang='lat' dir='ltr'><strong>aut</strong></span> <span class='ocrx_word' id='word_1_332' title='bbox 965 3702 1109 3779; x_wconf 81' lang='lat' dir='ltr'><strong>progressi</strong></span> 
     </span>
     <span class='ocr_line' id='line_1_44' title="bbox 160 3780 1110 3860; baseline 0.002 -21"><span class='ocrx_word' id='word_1_333' title='bbox 160 3784 303 3843; x_wconf 81' lang='lat' dir='ltr'><strong>morative</strong></span> <span class='ocrx_word' id='word_1_334' title='bbox 319 3783 446 3860; x_wconf 84' lang='lat' dir='ltr'><strong>aliquam</strong></span> <span class='ocrx_word' id='word_1_335' title='bbox 460 3784 642 3842; x_wconf 85' lang='lat' dir='ltr'><strong>occasionem</strong></span> <span class='ocrx_word' id='word_1_336' title='bbox 663 3781 809 3840; x_wconf 83' lang='lat' dir='ltr'><strong>fecissent.</strong></span> <span class='ocrx_word' id='word_1_337' title='bbox 852 3780 1018 3859; x_wconf 86' lang='lat' dir='ltr'><strong>Elephanti,</strong></span> <span class='ocrx_word' id='word_1_338' title='bbox 1033 3780 1110 3841; x_wconf 87' lang='lat' dir='ltr'><strong>sicut</strong></span> 
     </span>
     <span class='ocr_line' id='line_1_45' title="bbox 162 3862 1110 3941; baseline -0.001 -21"><span class='ocrx_word' id='word_1_339' title='bbox 162 3879 212 3939; x_wconf 89' lang='lat' dir='ltr'><strong>per</strong></span> <span class='ocrx_word' id='word_1_340' title='bbox 221 3873 303 3925; x_wconf 86' lang='lat' dir='ltr'><strong>artas</strong></span> <span class='ocrx_word' id='word_1_341' title='bbox 317 3863 479 3940; x_wconf 87' lang='lat' dir='ltr'><strong>praeoipites</strong></span> <span class='ocrx_word' id='word_1_342' title='bbox 488 3864 551 3921; x_wconf 87' lang='lat' dir='ltr'><strong>vias</strong></span> <span class='ocrx_word' id='word_1_343' title='bbox 564 3880 672 3941; x_wconf 85' lang='lat' dir='ltr'><strong>magna</strong></span> <span class='ocrx_word' id='word_1_344' title='bbox 686 3881 768 3921; x_wconf 88' lang='lat' dir='ltr'><strong>mora</strong></span> <span class='ocrx_word' id='word_1_345' title='bbox 781 3862 951 3941; x_wconf 84' lang='lat' dir='ltr'><strong>agebantur,</strong></span> <span class='ocrx_word' id='word_1_346' title='bbox 960 3862 1001 3922; x_wconf 89' lang='lat' dir='ltr'><strong>ita</strong></span> <span class='ocrx_word' id='word_1_347' title='bbox 1013 3871 1110 3921; x_wconf 89' lang='lat' dir='ltr'><strong>tutum</strong></span> 
     </span>
    </p>
   </div>
   <div class='ocr_carea' id='block_1_3' title="bbox 0 0 1370 4292">
    <p class='ocr_par' dir='ltr' id='par_1_3' title="bbox 0 0 1370 4292">
     <span class='ocr_line' id='line_1_46' title="bbox 0 0 1370 4292; baseline 0 0"><span class='ocrx_word' id='word_1_348' title='bbox 0 0 1370 4292; x_wconf 95' lang='lat' dir='ltr'><strong> </strong></span> 
     </span>
    </p>
   </div>
  </div>
 </body>
</html>
