2717 4292
221 294 282 354 164
631 309 691 350 rrrr
712 307 787 350 unm

265 444 354 504 simul
368 443 471 502 cestria
485 441 617 519 praesidio
631 450 660 499 et
670 441 927 517 circumspectans,
942 439 1076 498 necunde
1090 441 1218 518 impetus

266 523 296 583 in
311 523 533 580 frumentatores
546 522 638 579 fieret.
683 520 795 578 XXIV.
817 521 967 578 Romanus
983 529 1053 578 tunc
1068 523 1217 580 exercitus

266 605 296 661 in
311 621 381 680 agro
401 601 534 660 Larinati
554 611 627 658 erat.
669 601 797 658 Praeerat
818 599 967 657 Minucius
982 601 1121 677 magister
1135 602 1216 676 equi-

266 692 337 753 tum,
353 681 490 759 profecto,
509 682 586 739 sicut
601 690 666 738 ante
682 680 792 737 dictum
811 690 863 748 est,
879 679 915 737 ad
938 679 1040 736 urbem
1062 679 1216 737 dictatore.

237 763 403 821 §Ceterum
425 771 531 831 eastra,
556 779 623 836 quae
646 761 676 816 in
702 769 797 816 monte
822 760 880 816 alto
901 778 936 817 ac
956 767 1017 816 tuto
1038 759 1102 817 loeo
1124 761 1218 836 posita

268 841 392 910 fuerant,
413 842 527 917 jamin
552 841 672 916 planum
697 838 876 908 deferuntur,
898 838 1142 916 agitabanturque
1164 858 1217 916 pro

266 922 384 998 ingenio
397 920 480 978 ducis
495 921 614 977 consilia
629 919 778 989 calidiora,
791 929 822 976 ut
836 919 961 994 impetus
976 927 1025 975 aut
1040 919 1069 974 in
1086 917 1217 976 frumen,

266 1010 373 1058 tatores
397 1001 507 1076 palatos
522 1009 572 1058 aut
595 1000 625 1056 in
646 1011 753 1068 castra,
768 998 871 1056 relicta
895 1016 964 1054 cum
988 997 1046 1054 levi
1071 997 1215 1073 prasidio,

266 1080 358 1137 fieret.
400 1079 468 1137 Nec
482 1079 678 1136 Hannibalem
694 1076 805 1147 fefellit,
821 1095 890 1135 curn
904 1076 978 1134 duce
993 1087 1137 1134 mutatam
1151 1097 1217 1136 esse

219 1162 256 1219 10
267 1159 336 1216 belli
360 1160 509 1229 rationem,
531 1168 560 1216 et
584 1156 711 1216 ferocius
734 1176 822 1232 quam
847 1156 1007 1213 consultius
1030 1174 1094 1212 rem
1118 1156 1217 1215 hostes

265 1246 407 1314 gesturos.
450 1237 515 1314 Ipse
529 1235 743 1313 autem-quod
758 1237 877 1293 minime
891 1236 957 1310 quis
971 1234 1216 1294 crederet-cum

265 1317 354 1374 bostis
369 1318 485 1394 propius
498 1326 583 1386 esset,
599 1317 713 1374 tertiam
729 1326 840 1392 partem
854 1315 979 1372 militurn
994 1313 1215 1385 frumentatum,

266 1395 379 1454 duabus
393 1398 422 1454 in
434 1397 538 1455 castris
546 1397 674 1466 retentis,
684 1395 807 1467 dimisit3
830 1393 896 1452 dein
908 1405 1005 1452 castra
1019 1395 1081 1470 ipsa
1096 1393 1214 1471 propius

266 1474 386 1534 hostem·
399 1477 495 1546 movit,
513 1475 571 1533 duo
593 1473 682 1532 ferme
704 1496 722 1532 a
743 1474 870 1532 Geronio
891 1473 993 1544 millia,
1014 1474 1045 1530 in
1066 1475 1215 1532 tumulum

219 1555 339 1615 15bosti
362 1566 558 1633 conspectum,
581 1564 613 1612 ut
636 1555 778 1612 intentum
800 1555 887 1610 sciret
909 1572 972 1610 esse
995 1552 1030 1609 ad
1056 1552 1214 1612 frumenta·

266 1643 351 1703 tores,
367 1636 392 1691 si
412 1654 471 1710 qua
485 1635 529 1692 vie
551 1635 643 1703 fieret,
669 1633 811 1691 tutandos.
853 1632 973 1708 Propior
993 1632 1059 1690 inde
1074 1634 1101 1690 ei
1126 1643 1215 1710 atque

265 1714 336 1789 ipsis
354 1715 508 1770 imminens
523 1712 721 1770 Romanorum
736 1713 839 1770 castris
852 1713 983 1769 tumulus
1001 1713 1153 1789 apparuit3
1177 1712 1213 1769 ad

266 1810 353 1866 quem
374 1791 547 1868 capiendum
562 1793 587 1849 si
609 1793 676 1849 luce
702 1793 799 1868 palam
820 1792 921 1861 iretur,
936 1793 1006 1867 quia
1027 1791 1104 1848 haud
1126 1791 1213 1849 dubie

266 1870 355 1928 bostis
378 1871 510 1928 breviore
535 1873 584 1929 via
604 1881 806 1948 praeventurus
829 1881 899 1941 erat,
924 1881 1008 1929 nocte
1031 1871 1108 1928 clam
1133 1871 1213 1929 missi

214 1953 256 2009 20
266 1949 405 2008 Numidae
418 1960 569 2026 oeperunt.
605 1951 688 2017 Quos
701 1961 831 2009 tenentes
845 1952 951 2020 locum,
965 1959 1129 2026 contempta
1143 1969 1215 2027 pau·

266 2030 363 2101 citate,
379 2030 504 2088 Romani
524 2041 636 2108 postero
657 2031 704 2088 die
719 2049 787 2088 cum
801 2029 982 2106 dejecissent,
997 2031 1051 2106 ipsi
1072 2049 1106 2087 eo
1121 2039 1214 2088 trans-

266 2107 364 2168 ferunt
384 2121 490 2168 castra.
533 2111 613 2168 Tum
633 2111 741 2187 itaque,
757 2118 788 2167 ut
809 2110 947 2187 exiguum
963 2111 1047 2185 spatii
1068 2109 1180 2166 vallum
1197 2130 1216 2168 a

160 2239 166 2258 ,
266 2190 344 2246 vallo
358 2191 466 2259 aberat,
481 2199 510 2247 et
529 2190 558 2247 id
580 2191 675 2267 ipsum
697 2200 754 2248 tota
769 2207 855 2265 prope
870 2189 1065 2264 compleverat
1081 2188 1216 2247 Romana

266 2269 353 2336 acies,
378 2269 466 2325 simul
491 2279 519 2326 et
543 2288 596 2344 per
622 2287 727 2327 aversa
754 2278 851 2326 castra
877 2270 1032 2343 equitatus,
1057 2287 1126 2326 cum
1155 2269 1216 2326 levi

215 2352 255 2404 25
266 2356 414 2403 armatura
428 2348 551 2405 emissus
565 2349 595 2404 in
610 2347 840 2418 frumentatores,
857 2347 914 2405 late
928 2348 1038 2405 caedem
1054 2347 1215 2426 fugamque

266 2424 389 2483 hostium
418 2428 580 2503 palatorum
609 2426 688 2486 fecit.
739 2427 806 2485 Nec
834 2428 897 2484 acie
921 2437 1034 2485 certare
1063 2425 1214 2485 Hannibal

266 2523 364 2576 ausus,
384 2508 454 2582 quia
471 2516 551 2577 tauta
571 2509 717 2584 paucitate
733 2509 782 2564 vix
797 2517 902 2576 eastra,
918 2507 943 2563 si
963 2517 1213 2584 oppugnarentur,

265 2587 353 2643 tutari
378 2596 497 2664 poterat.
552 2585 676 2663 Jamque
706 2587 816 2645 artibus
843 2585 1036 2662 Fabii-pars
1063 2587 1214 2644 exercitus

266 2665 366 2723 aberat
384 2667 446 2743 jam
468 2665 724 2725 ferme—sedendo
738 2678 766 2725 et
786 2665 949 2725 cunctando
970 2666 1079 2723 bellum
1093 2667 1215 2744 gerebat

153 2770 157 2779 =
216 2749 256 2805 30
266 2755 472 2822 receperatque
486 2765 554 2804 suos
574 2747 604 2803 in
618 2747 715 2822 priora
729 2757 833 2816 castra,
848 2765 914 2822 quae
935 2765 985 2822 pro
1006 2745 1127 2803 Geronii
1142 2765 1214 2804 moe·

264 2825 352 2881 nibus
365 2834 457 2882 erant.
499 2824 516 2882 J
519 2835 583 2882 usta
603 2845 717 2901 quoque
733 2827 795 2884 acie
807 2836 835 2882 et
855 2826 968 2884 collatis
981 2826 1073 2902 signis
1094 2825 1214 2884 dimica-

210 2951 214 2956 .
265 2911 337 2972 turn,
365 2902 484 2978 quidam
511 2922 645 2961 auc-rores
672 2917 759 2962 sunt:
795 2906 887 2980 primo
914 2924 1058 2963 concursu
1087 2904 1215 2963 Poenum

265 2999 358 3056 usque
367 2981 402 3038 ad
418 2993 513 3039 castra
524 2980 631 3053 fusum,
641 2984 708 3040 inde
718 2984 866 3061 eruptione
879 2983 956 3042 facta
967 2994 1084 3062 repente
1094 3003 1215 3043 versum

264 3067 405 3117 terrorem
418 3063 449 3117 in
470 3060 633 3134 Romanos;
657 3063 688 3120 N
690 3065 795 3121 umerii
815 3062 942 3121 Decimii
956 3063 1095 3122 Samnitis
1109 3064 1216 3123 deinde

216 3144 255 3199 35
265 3139 429 3198 interventu
444 3141 580 3216 proelium
598 3142 772 3200 restitutum.
815 3141 915 3214 Hunc,
930 3144 1089 3219 principem
1104 3163 1215 3220 genere

266 3239 301 3277 ac
315 3219 423 3278 divitiis
436 3239 493 3278 non
508 3221 630 3279 Boviani
651 3222 743 3292 modo,
760 3222 835 3280 unde
851 3233 921 3292 erat,
937 3223 987 3280 sed
1006 3232 1062 3280 toto
1083 3223 1214 3294 Samnio,

262 3299 347 3377 jussu
370 3300 516 3358 dictatoris
538 3311 601 3358 octo
623 3301 716 3359 millia
739 3301 867 3379 peditum
890 3303 968 3359 mille
990 3304 1102 3378 equites
1124 3302 1214 3360 addu-

265 3391 379 3438 centem
404 3382 433 3437 in
458 3390 562 3451 castra,
583 3381 619 3438 ab
644 3391 726 3458 tergo
746 3401 814 3440 oum
837 3382 1017 3459 apparuisset
1042 3381 1214 3453 Hannibali,

265 3461 391 3535 speciem
417 3461 490 3537 parti
513 3461 629 3537 utrique
654 3463 811 3538 praebuisse
835 3463 903 3520 novi
930 3461 1056 3538 praesidii
1080 3481 1151 3519 cum
1173 3461 1214 3527 Q.

216 3544 255 3598 40
266 3538 358 3597 Fabio
372 3540 409 3596 ab
431 3540 525 3598 Roma
539 3542 691 3598 venientis.
734 3541 931 3599 Hannibalern
951 3540 1124 3598 insidiarum
1144 3560 1215 3617 quo.

264 3636 321 3693 que
337 3619 446 3694 aliquid
467 3621 614 3678 timentem
636 3621 780 3698 recepisse
799 3639 885 3693 suos;
909 3620 1076 3678 Romanum
1098 3621 1215 3678 insecus

263 3707 335 3768 tum,
351 3698 506 3774 adjuvante
527 3700 665 3770 Samnite,
682 3700 738 3757 duo
758 3700 880 3757 castella
894 3720 928 3758 eo
949 3700 996 3757 die
1017 3719 1214 3778 expugnasse.

263 3774 323 3831 Sex
338 3777 430 3833 millia
444 3777 567 3836 hostium
583 3797 668 3846 caesa,
683 3780 811 3855 quinque
827 3778 981 3837 admodum
995 3779 1215 3838 Romanorum:

262 3859 361 3912 tamen
384 3853 416 3910 iu
436 3855 578 3932 temperi
601 3875 691 3934 prope
705 3857 789 3916 clade
811 3857 919 3917 famam
943 3857 1071 3938 egregiae
1085 3859 1216 3920 victoria
