2717 4292
175 258 214 318 32
444 239 448 249 “
596 261 655 303 rrrr
676 259 753 303 nvn

225 401 354 458 coeperot
380 392 569 470 Tarquinius,
590 410 647 450 non
674 392 752 469 apud
779 409 879 470 regem
906 389 990 448 modo
1016 389 1067 448 sed
1092 389 1174 468 apud

226 483 322 550 patres
342 471 512 550 plebemque
533 471 618 548 longe
639 474 764 528 maximo
784 471 890 528 honore
912 469 1034 527 Servirs
1048 470 1170 529 Tullius

226 561 299 609 erat.
342 551 421 608 Tum
442 552 520 608 Anci
542 551 595 607 filii
618 549 684 620 du0,
699 551 753 607 etsi
777 560 863 608 antee
890 567 1005 624 semper
1025 568 1076 626 pro
1097 550 1172 606 indi-

226 630 365 708 gnissimo
383 630 544 688 habuerant
564 649 595 687 se
613 631 706 706 patrio
726 648 816 706 regno
829 629 931 685 tutoris
945 625 1048 685 fraude
1061 630 1171 705 pulsos,

197 715 351 786 dregnare
366 708 467 767 Romae
488 708 630 766 advenam
644 726 701 765 non
721 708 805 765 modo
819 707 924 764 vicinae
937 707 988 763 sed
1008 725 1045 764 ne
1060 707 1173 766 ltalicae

227 787 344 863 quidem
358 788 462 865 stirpis,
477 797 539 845 tum
553 788 711 863 impensius
721 788 758 844 iis
770 786 928 864 indignitas
941 788 1120 856 crescere,si
1135 805 1174 844 ne

228 866 264 924 eb
279 867 441 942 Tarquinio
460 867 578 944 quidem
599 866 681 923 adse
702 867 808 923 rediret
821 883 954 942 regnum,
969 865 1020 921 sed
1041 884 1173 942 praeceps

227 945 294 1002 inde
315 964 399 1022 porro
413 947 449 1002 ad
469 946 587 1003 servitio
607 944 731 1015 caderet,
747 954 779 1003 ut
798 946 829 1000 in
849 944 951 1001 eadem
972 943 1090 1002 civitate
1111 959 1171 1020 post

229 1025 419 1096 centesimum
441 1021 501 1082 fere
522 1041 741 1100 ennumquam
763 1023 916 1092 Romulus,
931 1022 985 1079 deo
1005 1034 1170 1099 prognatus,

182 1107 218 1162 10
229 1103 301 1160 deus
315 1103 385 1180 ipse,
400 1105 525 1160 tenuerit
539 1121 671 1179 regnum,
686 1103 778 1160 donec
793 1102 824 1158 in
844 1102 930 1159 terris
949 1100 1046 1171 fuerit,
1061 1102 1090 1158 id
1105 1102 1173 1159 Ser-

229 1183 295 1239 vius
309 1201 394 1239 serva
407 1193 493 1239 natus
506 1181 666 1259 possideat:
688 1200 757 1239 curn
770 1199 924 1238 commune
946 1179 1070 1238 Romani
1083 1183 1175 1240 nomi.

229 1261 284 1332 nis,
298 1270 360 1317 tum
381 1262 526 1337 praeoipue
546 1261 576 1318 id
596 1260 699 1319 domus
722 1278 792 1330 suae,
807 1259 934 1317 dedecus
956 1258 1027 1330 fore,
1044 1261 1079 1330 si,
1095 1261 1174 1318 Anci

230 1341 307 1414 regis
331 1340 409 1396 virili
433 1341 520 1416 stirpe
545 1339 635 1410 salva,
661 1358 718 1396 non
742 1339 825 1396 modo
853 1338 981 1408 advenis,
1006 1338 1057 1395 sed
1081 1341 1177 1397 servis

230 1422 326 1488 etiam,
342 1437 465 1496 regnum
486 1418 587 1477 Romae
608 1428 728 1495 pateret.
771 1418 861 1475 Ferro
881 1418 971 1494 igitur
989 1437 1055 1474 eam
1070 1437 1174 1476 arcere

182 1501 218 1556 15
230 1499 435 1555 contumeliam
446 1507 592 1555 statuunt:
613 1497 663 1554 sed
678 1507 707 1555 et
718 1497 832 1574 ipjuriae
845 1497 924 1554 dolor
937 1497 967 1553 in
979 1496 1177 1573 Tarquinium

229 1578 324 1653 ipsum
344 1579 436 1652 magis
458 1597 546 1653 qnam
568 1578 598 1632 in
623 1575 758 1633 Servium
778 1595 828 1633 eos
848 1576 1032 1634 stimulabat:
1054 1587 1083 1634 et
1103 1578 1177 1652 quia

229 1657 345 1732 gravior
366 1657 443 1713 ultor
461 1655 558 1724 caedis,
574 1656 598 1712 si
612 1663 783 1730 superesset,
798 1673 850 1712 rex
871 1653 988 1712 futurus
1008 1666 1071 1712 eret
1084 1674 1177 1731 quam

230 1736 375 1810 privatus:
393 1746 464 1804 tum,
477 1733 578 1791 Servio
588 1735 693 1801 occiso,
702 1753 916 1810 quemcumque
931 1735 1022 1791 alium
1033 1753 1177 1810 generum

231 1812 392 1890 delegisset,
421 1813 545 1870 eundem
573 1814 655 1890 regni
683 1813 818 1871 heredem
853 1812 985 1871 secturus
1012 1813 1175 1871 videbatur.

181 1890 278 1950 2001>
302 1892 365 1948 haec
387 1892 441 1969 ipsi
466 1893 528 1968 regi
552 1893 663 1949 insidiae
685 1901 840 1969 parantur:
871 1911 908 1949 ex
932 1893 1095 1968 pastoribus
1118 1893 1179 1950 duo

232 1967 403 2028 ferocissimi
416 1970 521 2028 delecti
536 1971 572 2028 ad
587 1970 710 2041 facinus,
725 1972 830 2046 quibus
851 1972 981 2028 consueti
995 1980 1077 2028 erant
1098 1982 1177 2029 uter-

230 2068 288 2125 que
302 2051 464 2126 agrestibus
480 2049 670 2120 ferramentis
683 2052 713 2107 in
727 2050 870 2107 vestibulo
884 2051 981 2126 regiae,
992 2069 1082 2128 quarn
1096 2061 1177 2127 potu.

231 2147 280 2186 ere
295 2131 560 2199 tumultuosissime,
576 2131 672 2206 specie
695 2130 766 2186 rixae
786 2131 816 2185 in
830 2148 862 2186 se
878 2148 977 2186 omnes
997 2131 1178 2205 apparitores

232 2209 327 2284 regios
349 2218 537 2267 convertunt:
567 2209 643 2278 inde,
665 2227 733 2266 cum
757 2209 841 2265 ambo
863 2227 963 2284 regem
985 2209 1175 2285 appellarent,

182 2292 221 2346 25
232 2287 399 2361 clamorque
414 2305 514 2344 eorum
532 2289 644 2364 penitus
658 2288 689 2343 in
703 2288 814 2364 regiam
829 2287 1014 2362 pervenisset,
1030 2289 1124 2345 vocati
1139 2289 1194 2360 ad,

233 2384 332 2442 regem
342 2376 475 2442 pergunt.
502 2366 597 2423 Primo
608 2375 729 2442 uterque
744 2366 908 2436 vociferari,
918 2376 944 2423 et
955 2369 1088 2424 certatim
1103 2367 1178 2424 alter

232 2442 314 2501 alteri
339 2446 510 2521 obstrepere,
532 2446 651 2502 coerciti
676 2446 714 2501 ab
737 2445 848 2514 lictore,
870 2455 898 2502 et
919 2446 999 2520 jussi·
1022 2447 1052 2502 in
1080 2447 1176 2502 vicem

231 2523 338 2593 dicere,
353 2524 468 2581 tandem
490 2525 604 2600 obloqui
619 2524 776 2582 desistunt:
799 2543 876 2582 unus
890 2543 952 2581 rem
970 2544 1007 2582 ex
1021 2526 1178 2601 composito

231 2603 357 2660 orditur:
379 2604 449 2660 dum
463 2605 588 2661 intentus
603 2605 633 2660 in
648 2623 716 2660 eum
730 2623 761 2661 se
776 2623 828 2661 rex
846 2614 922 2661 totus
936 2615 1087 2673 averteret,
1103 2605 1178 2661 alter

182 2683 220 2740 30
231 2682 338 2740 elatam
352 2685 478 2740 securim
493 2685 522 2739 in
538 2691 625 2760 caput
638 2683 753 2758 dejecit,
765 2683 922 2758 relictoque
936 2683 967 2738 in
981 2683 1103 2739 vulnere
1118 2683 1177 2740 telo
1225 2739 1239 2754 ,

232 2763 316 2818 ambo
336 2781 367 2818 se
382 2761 458 2818 foras
479 2762 609 2836 ejiciunt.
652 2760 732 2818 XLI.
755 2761 949 2836 Tarquinium
969 2761 1175 2819 moribundum

231 2856 309 2908 cum,
324 2840 375 2914 qui
396 2839 477 2896 circa
497 2849 588 2908 erant,
603 2841 872 2915 excepissent,illos
892 2838 1037 2916 fugientes
1057 2840 1175 2899 lictores

231 2916 487 2995 comprehendunt.
521 2917 638 2975 Clamor
651 2918 718 2983 inde
732 2937 949 2995 concursusque
961 2919 1059 2996 populi
1069 2920 1176 2977 miran-

231 2997 313 3066 tium,
337 2996 408 3072 qnid
432 2997 474 3054 rei
498 3005 583 3055 esset.
626 2996 774 3074 Tanaquil
798 2998 873 3054 inter
895 2998 1055 3055 tumultum
1077 2999 1177 3056 claudi

171 3079 221 3144 ,³5
232 3077 343 3152 regiam
358 3075 449 3150 jubet,
464 3077 586 3134 arbitros
605 3076 708 3152 ejecit:
729 3076 826 3146 simul,
837 3095 903 3152 quae
917 3077 1047 3134 curando
1061 3077 1178 3135 vulneri

230 3173 303 3230 opus
313 3165 389 3224 sunt,
398 3164 546 3232 tamquam
557 3173 621 3230 spes
632 3156 772 3224 subesset,
783 3156 884 3213 sedulo
894 3165 1058 3233 comparat:
1078 3157 1177 3227 simul,

190 3265 193 3268 ·
231 3235 256 3291 si
280 3234 415 3292 destituat
436 3254 509 3310 spes,
530 3233 587 3290 alia
610 3233 743 3309 praesidia
763 3235 891 3292 molitur.
932 3235 1035 3292 Servio
1055 3253 1176 3311 propere

232 3314 325 3370 accito
338 3313 406 3370 cum
421 3328 501 3389 paene
523 3331 701 3389 exsanguem
716 3313 812 3369 virum
832 3313 1010 3383 ostendisset,
1026 3314 1176 3371 dexteram

232 3405 332 3450 tenens
347 3403 418 3462 orat,
433 3392 470 3450 n'e
485 3393 606 3449 inultam
621 3402 741 3449 mortem
756 3393 858 3462 soceri,
870 3412 906 3449 ne
920 3411 1035 3454 socrum
1050 3394 1177 3450 inimicis

186 3477 221 3529 to
233 3473 355 3528 ludibrio
377 3491 439 3528 esse
453 3473 545 3529 sinat:
568 3478 678 3527 “tuum
693 3470 758 3528 est’'
773 3472 875 3546 inquit,
892 3478 910 3506 “
919 3472 1013 3541 Servi,
1029 3472 1053 3528 si
1068 3473 1113 3527 vir
1134 3491 1176 3541 es,

233 3568 364 3625 regnum,
377 3569 433 3607 non
448 3569 549 3608 eorum
562 3550 612 3624 qni
624 3550 727 3606 alienis
741 3550 874 3606 manibus
888 3551 1046 3626 pessimum
1062 3549 1177 3608 facinus

233 3628 345 3684 fecere:
368 3629 448 3704 erige
469 3638 506 3697 te,
521 3629 645 3703 deosque
666 3627 757 3684 duces
777 3647 907 3703 sequere,
922 3629 972 3703 qui
992 3630 1106 3685 clarum
1122 3630 1177 3686 hoc

233 3703 293 3762 fore
308 3715 395 3780 caput
409 3705 506 3763 divino
519 3706 663 3781 quondam
680 3704 858 3762 circumfuso
876 3707 937 3782 igni
951 3707 1177 3784 portenderunt:

232 3791 360 3841 nuncto
380 3781 432 3840 ille
453 3783 576 3841 oaelestis
596 3785 703 3842 excitet
722 3784 850 3847 flamma,
868 3802 949 3842 nunc
972 3786 1176 3862 expergiscere
