2717 4292
494 320 581 361 arana
601 319 622 361 1.
664 319 730 361 oar.
751 320 812 362 nix.
1112 309 1150 377 41

156 460 303 520 cuturum,
319 469 374 508 nec
396 450 470 520 illos,
484 469 540 509 nec
556 451 645 508 alium
667 469 844 527 quemquam
858 471 982 530 regnare
999 453 1101 512 Romae

155 529 343 608 passurum.''
384 528 520 588 Cultrum
531 531 633 587 deinde
644 531 787 588 Collatino
799 532 894 600 tradit,
906 533 973 590 inde
987 532 1098 590 Lucre·

155 612 193 668 tio
214 629 249 667 ao
264 609 385 667 Valerio
406 611 586 685 stupentibus
605 611 749 667 miraculo
771 611 823 680 rei,
842 611 918 668 unde
940 631 1048 669 novum
1068 613 1099 670 in

155 688 238 748 Bruti
254 699 368 764 pectore
383 688 542 764 ingenium.
570 689 572 697 ¹
585 688 625 747 Ut
639 698 815 764 praeceptum
830 700 900 759 erat,
913 692 1021 766 jurant,
1036 692 1097 749 toti-

154 787 210 845 que
233 769 269 825 ab
290 769 373 826 luctu
387 769 465 824 versi
479 768 508 824 in
529 769 612 838 iram,
633 767 767 838 Brutum,
789 769 851 844 jam
872 770 988 827 indeed
1009 774 1128 849 expo-5

153 847 303 926 gnandum
324 865 446 923 regnum
461 857 620 916 vocantem,
642 856 804 922 sequuntur
820 847 935 906 ducem.
978 849 1098 907 Elatum

153 927 238 983 domo
262 924 409 984 Lueretiae
433 944 538 1001 eorpus
563 926 593 982 iu
618 925 713 983 forum
741 925 882 996 deferunt,
908 929 1117 1005 concientque.

154 1005 307 1076 miraculo,
323 1015 355 1062 ut
368 1005 409 1074 fit,
425 1005 467 1062 rei
481 1023 562 1062 novae
577 1014 662 1081 atque
677 1005 846 1082 indignitate
860 1007 999 1065 homiues.
1042 1008 1098 1065 Pro

153 1103 184 1142 se
199 1085 322 1160 quisque
336 1084 435 1142 scelus
449 1084 563 1160 regium
578 1085 688 1142 acvim
701 1094 874 1160 queruntur.
898 1156 901 1160 Ι
917 1086 1015 1144 Movet
1028 1105 1097 1144 cum

153 1165 244 1240 patris
264 1165 406 1231 maestitia,
421 1172 483 1220 tum
503 1162 612 1222 Brutus
632 1164 788 1240 castigator
807 1164 995 1225 lacrimarum
1009 1176 1097 1242 atque
1109 1164 1145 1223 10

153 1243 289 1300 inertium
311 1243 497 1317 querelarum
520 1252 688 1318 auctorque,
703 1243 779 1318 quod
798 1244 875 1301 viros
893 1244 968 1320 quod
991 1245 1095 1302 Roma-

153 1339 205 1378 nos
240 1320 364 1391 deceret,
393 1339 475 1378 arma
508 1321 641 1397 capiendi
676 1321 815 1379 adversus
849 1323 963 1380 hostilia
998 1343 1094 1381 ausos.

153 1399 363 1458 Ferocissimus
391 1402 514 1476 quisque
539 1402 683 1476 juvenum
712 1419 781 1457 cum
808 1402 896 1459 armis
916 1402 1096 1460 voluntarius

153 1479 249 1536 adest:
275 1481 405 1554 sequitur
426 1489 454 1537 et
474 1490 573 1538 cetera
594 1479 743 1555 juventus.
785 1478 864 1550 lude,
882 1482 945 1557 pari
964 1481 1096 1558 praesidio

153 1558 255 1615 relicto
276 1558 405 1615 Collatiae
429 1559 464 1614 ad
493 1569 596 1634 portas,
619 1559 842 1634 custodibusque
867 1559 1144 1636 datis,nequis15

152 1655 220 1693 eum
235 1646 342 1693 motum
358 1639 475 1714 regibus
489 1639 643 1706 nuntiaret,
659 1640 749 1695 ceteri
770 1639 883 1708 armati,
897 1639 972 1696 duce
994 1638 1094 1710 Bruto,

152 1714 275 1773 Romam
301 1715 430 1792 profecti.
473 1716 530 1775 Ubi
554 1735 588 1773 eo
617 1726 736 1773 ventum
761 1726 813 1786 est,
839 1736 1025 1794 quacumque
1052 1720 1094 1776 in-

151 1795 229 1852 cedit
261 1804 372 1852 armata
404 1795 564 1864 multitudo,
586 1813 722 1871 pavorem
752 1815 787 1852 ac
821 1795 977 1854 tumultum
1006 1797 1093 1854 facit:

150 1891 262 1942 rursus,
286 1874 336 1930 ubi
367 1875 476 1931 anteire
504 1875 644 1951 primores
671 1875 796 1931 civitatis
824 1875 930 1945 vident,
955 1876 1094 1953 quidquid

150 1953 197 2022 sit,
212 1951 290 2008 haud
308 1960 417 2010 temere
431 1973 494 2010 esse
514 1963 624 2010 rentur.
665 1953 732 2010 Nec
752 1954 892 2010 minorem
910 1964 1018 2012 motum
1033 1955 1093 2011 ani·
1107 1962 1143 2016 20

150 2049 265 2088 morum
287 2031 387 2088 Romae
407 2041 466 2088 tam
489 2041 569 2089 atrox
591 2050 637 2088 res
658 2030 736 2101 facit,
756 2051 844 2108 quam
865 2032 996 2090 Collatiae
1019 2032 1092 2090 fece-

150 2119 215 2166 rat:
237 2129 305 2186 ergo
319 2130 355 2167 ex
369 2112 502 2168 omnibus
516 2110 587 2168 locis
598 2110 677 2167 urbis
692 2111 722 2166 in
738 2109 832 2167 forum
846 2112 984 2168 curritur.
1026 2111 1094 2178 Quo
1132 2116 1134 2120 ’

150 2189 239 2246 simul
262 2199 379 2246 ventum
400 2199 451 2258 est,
467 2209 561 2266 praeco
582 2188 618 2246 ad
638 2189 787 2247 tribunum
807 2189 1015 2248 Celerum-in
1036 2209 1093 2266 quo

150 2278 214 2325 tum
237 2270 406 2346 magistratu
430 2267 501 2326 forte
524 2268 634 2326 Brutus
658 2268 899 2344 erat-populum
923 2270 1090 2327 advocavit:

150 2346 191 2404 rbi
205 2348 295 2404 oratio
309 2347 415 2416 habita,
427 2366 611 2423 nequaquam
622 2348 686 2423 ejus
697 2349 819 2424 pectoris
830 2349 1004 2426 ingeniique,
1016 2348 1091 2424 quod
1102 2353 1142 2406 25

150 2426 318 2483 simulatum
344 2426 380 2483 ad
404 2446 468 2483 eam
493 2427 568 2482 diem
592 2425 695 2496 fuerat,
713 2427 748 2484 de
770 2427 799 2483 vi
822 2446 856 2484 ac
881 2428 1090 2484 libidine-Sex.

150 2505 315 2580 Tarquinii,
331 2505 366 2563 de
381 2515 478 2581 stupro
497 2505 613 2562 infando
627 2505 775 2563 Lucretiae
789 2515 817 2562 et
831 2506 989 2562 miserabili
1004 2507 1091 2576 caede,

150 2663 234 2739 gnior
257 2681 291 2719 ac
314 2663 504 2720 miserabilior
519 2672 610 2720 esset:
638 2661 734 2719 addita
755 2662 891 2736 superbia
912 2662 1002 2736 ipsius
1015 2663 1093 2738 regis

150 2741 331 2817 miseriaeque
345 2735 374 2799 et
388 2743 501 2799 labores
515 2740 606 2817 plebis
620 2741 650 2797 iu
667 2739 758 2797 fossas
771 2741 944 2816 cloacasque
958 2741 1091 2798 exhauri·
1103 2744 1141 2798 30

150 2819 240 2878 endas
250 2820 405 2878 demersae:
428 2821 573 2878 Romanos
583 2820 721 2890 homines,
733 2820 857 2879 victores
870 2822 998 2877 omnium
1013 2821 1093 2878 circa

150 2899 330 2974 populorum,
350 2900 467 2975 opifices
489 2919 524 2956 ao
545 2899 684 2988 lqpieides
704 2917 756 2976 pro
777 2899 962 2957 bellatoribus
985 2898 1091 2958 factos:

149 2977 269 3054 indigna
293 2977 389 3035 Servii
410 2978 504 3037 Tullii
528 2980 605 3056 regis
625 2987 784 3036 memorata
806 2978 908 3048 credes,
929 2989 958 3036 et
977 2979 1092 3040 inrecta

149 3075 269 3132 corpore
279 3058 368 3133 patris
376 3056 556 3133 nefandoque
567 3051 702 3114 ve'hiculo
712 3057 782 3126 filia,
792 3057 973 3132 invocatique
985 3058 1093 3126 ultores

149 3145 303 3214 parentum
318 3136 368 3196 dii.
410 3135 466 3193 His
480 3135 733 3211 atrocioribusque,
745 3135 840 3204 credo,
856 3136 929 3206 aliis,
941 3155 1007 3211 quae
1021 3156 1091 3213 prae-
1103 3141 1141 3195 35

149 3233 216 3271 sens
239 3233 338 3272 rerum
366 3215 521 3291 indignitas
541 3213 766 3290 haudquaquam
787 3212 880 3271 relatu
907 3216 1093 3298 scriptoribus

146 3286 250 3350 'facilia
264 3293 388 3368 subjicit,
399 3294 563 3350 memoratis
572 3294 721 3350 incensam
735 3290 947 3350 multitudinem
958 3295 1092 3368 perpulit,

149 3381 182 3428 ut
206 3372 360 3446 imperium
385 3373 447 3448 regi
472 3372 623 3448 abrogaret
643 3371 815 3445 exsulesque
834 3390 897 3427 esse
916 3370 1030 3446 juberet
1054 3371 1090 3429 L.

150 3449 346 3525 Tarquinium
361 3469 429 3508 cum
444 3451 566 3527 conjuge
582 3469 616 3507 ac
627 3449 735 3507 liberis.
777 3447 850 3524 Ipse,
860 3449 1031 3525 junioribus,
1043 3453 1093 3526 qui

151 3529 227 3585 ultro
247 3529 364 3586 nomina
385 3528 498 3599 dabant,
520 3529 602 3587 lectis
627 3529 811 3603 armatisque,
834 3528 869 3584 ad
890 3527 1094 3584 concitandum
1103 3535 1142 3588 40

151 3607 217 3663 inde
233 3607 372 3665 adversus
387 3627 485 3684 regem
500 3609 660 3665 exercitum
675 3606 805 3664 Ardeam
819 3607 849 3662 in
864 3616 960 3664 castra
974 3617 1017 3664 est
1031 3626 1092 3683 pro-

127 3683 262 3754 ‚fectusz
284 3686 439 3761 imperium
460 3687 491 3743 in
513 3688 585 3743 urbe
606 3685 753 3753 Lucretio,
775 3683 910 3761 praefeoto
931 3685 1011 3742 urbis
1031 3686 1093 3761 jam

151 3773 218 3820 ante
239 3765 275 3822 ab
300 3782 369 3842 rege
392 3766 529 3834 instituto,
549 3765 696 3840 relinquit.
737 3763 816 3822 Inter
839 3765 917 3822 hunc
936 3766 1094 3824 tumultum

99 3867 120 3904 ο
151 3840 254 3902 Tullia
274 3842 358 3902 domo
378 3841 513 3920 profugit,
531 3842 757 3913 exsecrantibus,
775 3862 959 3920 quacumque
979 3843 1094 3902 incede·
