2717 4292
494 289 581 331 arnna
602 291 635 332 11.
677 289 743 332 oar.
765 292 819 333 111.
1111 275 1150 336 53

150 413 286 487 obsideri,
311 435 436 494 quorum
456 437 534 496 sarpa
553 422 701 480 exercitus
725 419 850 495 fuderit3
872 423 979 498 itaque,
998 441 1106 501 magno

150 495 317 574 audacique
333 498 430 574 aliquo
452 498 581 557 facinore
599 519 665 556 eam
685 500 886 577 indignitatem
900 500 1105 560 vindicandam

87 613 90 620 Δ
148 585 241 644 ratus,
257 577 352 652 primo
373 597 427 634 sua
441 587 541 654 sponte
563 589 714 654 penetrare
735 580 765 636 in
786 579 910 637 hostium
924 592 1022 637 castra
1036 600 1103 638 cou-

148 654 260 712 stituit:
283 655 351 712 dein
372 666 514 726 metuens,
529 675 575 727 ne,
591 658 616 714 si
637 658 791 715 consulum
810 659 923 734 injussu
944 669 973 716 et
993 660 1105 735 ignaris

147 733 285 791 omnibus
313 735 377 804 iret,
400 733 472 792 forte
500 735 697 811 deprehensus
725 756 743 792 a
770 737 937 794 custodibus
965 737 1133 796 Romauiob

147 813 351 869 retraheretur
362 823 393 871 ut
407 813 717 892 transfugo-fortuna
730 825 793 871 tum
808 816 888 872 urbis
901 816 1013 872 crimen
1027 817 1102 874 affir-

147 900 435 960 manter-senatum
457 891 532 950 adit:
556 895 707 950 “transire
728 891 882 950 Tiberim''
903 895 1006 969 inquit,
1027 901 1103 971 “pa-

147 978 218 1039 tres,
235 979 264 1027 et
278 971 396 1041 intrare,
412 972 436 1028 si
457 972 574 1048 possim,
589 982 687 1030 castra
707 973 832 1029 bostium
847 971 921 1041 volo,
936 991 994 1030 non
1007 973 1104 1049 proedo

147 1065 205 1105 nec
225 1049 446 1124 populationum
460 1051 490 1107 in
505 1051 600 1108 vicem
615 1051 708 1109 ultor:
730 1051 834 1127 majus,
849 1051 874 1108 si
889 1051 930 1108 dii
944 1051 1059 1126 juvant,
1074 1053 1103 1112 in

148 1128 248 1186 animo
268 1137 313 1185 est
335 1127 483 1186 facinus.''
525 1129 697 1206 Approbant
718 1139 830 1206 patres:
853 1129 948 1187 abdito
964 1130 1042 1186 intra
1055 1149 1103 1188 ve·
1116 1133 1154 1190 10

147 1215 223 1262 stem
248 1203 328 1264 ferro
349 1208 555 1283 proficiscitur.
597 1208 656 1266 Ubi
679 1227 716 1265 eo
739 1209 827 1274 venit,
841 1209 873 1265 in
892 1207 1105 1267 confertissimo

148 1284 236 1341 turba
246 1303 336 1361 prope
347 1287 462 1363 regium
473 1286 600 1344 tribunal
612 1287 749 1344 constitit.
795 1286 918 1344 ibicum
930 1286 1105 1364 stipendium

149 1363 293 1420 militibus
307 1363 380 1422 forte
395 1365 522 1435 daretur,
534 1375 563 1424 et
576 1366 674 1422 scribo
688 1383 758 1422 cum
772 1382 839 1441 rege
849 1364 954 1422 sedens
967 1366 1031 1442 pari
1045 1363 1104 1422 sere

148 1451 254 1498 ornatu
275 1443 370 1501 multa
391 1454 500 1521 ageret,
522 1463 591 1502 eum
616 1444 724 1500 milites
744 1443 834 1519 vulgo
855 1443 978 1512 adirent,
998 1444 1105 1502 timens

148 1522 305 1592 sciscitari,
321 1532 387 1580 uter
408 1523 529 1580 Porsina
548 1532 632 1592 esset,
654 1541 692 1579 ne
714 1521 873 1598 ignorando
894 1540 994 1597 regem
1012 1530 1105 1579 semet
1117 1523 1155 1582 15

148 1600 211 1676 ipse
226 1601 354 1677 aperiret
367 1603 434 1677 quis
448 1612 532 1672 esset,
547 1621 604 1677 quo
618 1612 728 1659 temere
742 1600 830 1658 traxit
845 1599 960 1659 fortuna
981 1598 1104 1668 facinus,

148 1680 278 1736 scribam
308 1697 360 1756 pro
382 1698 451 1757 rege
476 1681 639 1738 obtruncat.
683 1679 846 1736 Vadentem
868 1679 945 1748 inde,
970 1697 1029 1754 qua
1054 1696 1106 1754 per

123 1781 127 1790 ·
147 1757 293 1834 trepidam
307 1759 424 1817 turbam
445 1769 567 1818 cruento
581 1778 721 1816 mucrone
736 1758 793 1815 sibi
813 1758 874 1834 ipse
893 1756 1002 1814 fecerat
1016 1757 1103 1826 viam,

146 1855 227 1906 cum,
248 1857 397 1896 concursu
423 1838 459 1895 ad
479 1839 638 1896 clamorem
660 1836 745 1906 facto,
765 1837 1007 1914 comprehensum
1031 1836 1105 1912 regii

146 1916 291 1976 satellites
305 1919 503 1988 retraxissent,
519 1927 585 1975 ante
605 1916 734 1975 tribunal
756 1917 833 1992 regis
848 1915 1104 1972 destitutus—tum
1114 1917 1155 1975 ab

146 2014 275 2072 quoque,
301 1997 378 2054 inter
405 2007 500 2054 tantas
528 1995 650 2054 sortunae
678 1996 781 2064 minaS,
807 1993 981 2050 metuendus
1011 2009 1040 2048 m
1080 1992 1106 2050 is

146 2093 238 2150 quam
260 2082 456 2133 metuens—“
466 2075 617 2133 Romanus
637 2073 726 2132 sum''
747 2073 841 2148 inquit
863 2078 881 2106 “
890 2072 972 2142 civis,
988 2068 1024 2126 C.
1072 2089 1104 2126 n.

146 2155 229 2210 cium
241 2164 365 2212 vocant:
387 2155 476 2212 hostis
490 2155 600 2213 hostem
614 2152 749 2212 occidere
762 2152 851 2221 volui,
863 2169 919 2208 nec
933 2149 970 2206 ad
983 2158 1106 2208 mortem

146 2233 247 2290 minus
269 2234 360 2290 animi
381 2245 426 2291 est
445 2252 532 2309 quam
555 2231 610 2291 fuit
630 2232 667 2290 ad
688 2231 815 2289 caedem:
837 2239 865 2288 et
880 2228 977 2287 facere
998 2238 1027 2286 et
1046 2227 1105 2303 pati

146 2309 236 2369 sortia
253 2311 421 2370 Romanum
442 2321 516 2382 est„
538 2312 606 2370 Neo
630 2330 708 2368 unus
731 2312 762 2367 in
787 2319 815 2367 te
839 2327 894 2386 ego
918 2309 970 2365 hos
994 2306 1154 2364 animosas

146 2392 245 2466 gessi:
275 2391 382 2468 longus
407 2401 468 2467 post
489 2410 536 2448 me
557 2390 626 2448 ordo
646 2400 691 2448 est
713 2389 791 2446 idem
815 2387 971 2464 petentium
995 2385 1102 2442 decus:

147 2469 270 2545 proinde
286 2471 316 2526 in
332 2470 387 2528 hoo
401 2470 566 2539 discrimen,
581 2470 606 2526 si
624 2470 718 2544 juvat,
734 2468 899 2543 accingere,
915 2474 947 2520 ut
959 2465 991 2520 in
1005 2464 1103 2551 singu·

147 2548 193 2605 las
206 2548 296 2606 horas
310 2549 407 2624 capite
430 2549 551 2606 dimices
571 2557 639 2619 tu03
664 2546 775 2603 ferrum
792 2545 960 2615 hostemque
975 2542 1004 2595 in
1020 2550 1104 2596 vestr-

142 2627 218 2690 ‚bulo
240 2626 351 2684 habeas
366 2628 472 2704 regiae:
494 2628 549 2685 hoc
570 2627 622 2684 tibi
640 2625 780 2700 juventus
801 2621 935 2677 Romana
950 2616 1106 2706 indicimus

149 2705 280 2762 bellum:
302 2706 417 2763 nullam
432 2707 533 2776 aciem,
549 2705 665 2762 nullum
680 2701 818 2778 proelium
832 2696 973 2764 timueris,
988 2693 1155 2752 un1t1b180

147 2793 263 2842 etcum
285 2785 412 2862 singulis
432 2803 480 2842 res
500 2782 589 2842 erit.'’
630 2780 707 2839 Cum
724 2797 786 2848 rex,
801 2776 888 2833 simul
909 2774 955 2831 iro
974 2771 1106 2832 infensus

148 2864 343 2940 periculoque
365 2864 547 2932 conterritus,
573 2858 751 2920 circumdari
778 2857 862 2933 ignes
889 2849 1106 2942 minitabundus

146 2941 275 3018 juberet,
300 2943 359 3000 nisi
386 2950 568 3019 expromeret
595 2957 727 3016 propere,
751 2955 826 3010 quas
852 2931 1023 2990 insidiarum
1050 2930 1106 3020 sibi

148 3021 247 3078 minas
261 3039 316 3098 per
330 3022 470 3097 ambages
480 3021 611 3096 jaceret:
633 3024 651 3053 ‘⁴
661 3035 699 3074 en
712 3013 785 3073 tibi''
796 3013 899 3088 inquit,
915 3016 932 3044 “
943 3018 974 3066 ut
987 3017 1104 3076 sentras,

148 3119 240 3176 quam
264 3099 324 3156 vile
339 3118 445 3174 corpus
465 3100 502 3156 sit
523 3099 577 3168 his,
592 3097 643 3172 qui
665 3112 802 3171 magnam
823 3090 946 3168 gloriam
967 3085 1105 3144 vident:''
1116 3084 1155 3144 35

149 3177 345 3254 dextramque
366 3196 490 3236 accenso
511 3176 546 3234 ad
566 3175 745 3236 sacrificium
759 3171 856 3230 foculo
869 3167 971 3242 injicit.
1007 3165 1106 3254 Quam

149 3275 221 3315 cum
236 3257 320 3314 velut
331 3256 458 3315 alienato
471 3257 508 3313 ab
522 3274 608 3313 sensu
619 3261 741 3311 torreret
752 3250 857 3316 anime,
869 3263 956 3321 prope
970 3251 1106 3332 alwffltufl

150 3335 298 3393 miraculo
314 3353 377 3404 rex,
389 3354 458 3391 cnm
473 3334 509 3391 ab
526 3333 594 3392 sede
608 3350 662 3388 sua
677 3328 855 3406 prosiluisset
869 3337 1055 3409 amoverique
1069 3316 1105 3373 ab

151 3414 298 3471 altaribus
305 3414 447 3490 juvenem
458 3413 601 3489 jussisset,
618 3408 696 3466 “Tu
710 3424 779 3465 vero
793 3399 873 3470 abi,''
888 3401 989 3471 inqurt,
1006 3401 1063 3484 ‘lm
1077 3404 1105 3450 te

152 3493 249 3568 magis
260 3511 353 3567 quam
367 3493 399 3548 in
410 3511 466 3561 me,
479 3490 593 3548 hostilia
607 3507 706 3546 ausus.
742 3482 759 3540 J
762 3483 881 3539 uberem
895 3484 989 3562 macte
999 3480 1105 3562 virtute
1115 3475 1155 3530 db

154 3589 229 3639 esse,
244 3571 270 3626 si
285 3589 337 3647 pro
359 3589 425 3627 mea
439 3570 533 3646 patria
553 3569 609 3642 ista
623 3567 716 3622 virtus
732 3566 838 3619 staret:
856 3571 938 3644 nuno
955 3568 1023 3654 Jpre
1037 3548 1106 3606 belh

154 3648 281 3705 liberum
297 3659 325 3706 te
345 3649 487 3708 intactum
509 3645 738 3717 inviolatumque
752 3638 821 3696 hinc
835 3628 966 3720 dimitto?
1018 3626 1106 3732 'Eune

156 3725 276 3785 Mucius
291 3728 377 3803 quasi
399 3743 590 3783 remunerans
604 3722 741 3780 meritum
755 3723 773 3750 “
783 3710 897 3802 qnando
910 3706 1026 3799 quidem
1062 3723 1106 3762 rn-

155 3805 219 3880 quit
233 3812 307 3866 “est
321 3805 399 3884 apud
419 3815 448 3864 te
461 3804 563 3864 virtuti
583 3803 681 3872 honos,
697 3807 729 3856 ut
748 3791 889 3853 beneficio
902 3787 1004 3847 tulero
1018 3803 1036 3842 a
1048 3801 1106 3859 ῐηθι
