2717 4292
471 312 558 354 arnna
578 314 639 354 xxi.
681 315 747 355 cnr.
762 315 822 356 xii.
1078 309 1137 372 123

151 454 200 503 aut
213 462 264 502 ens
284 442 422 520 legiones,
437 461 507 500 cum
527 442 637 520 quibus¹
653 443 812 522 fugientem
826 445 904 504 huno
925 448 1020 523 ipsum
1040 448 1089 507 bo-

149 532 220 582 otem
234 533 355 581 secutus
375 520 584 580 confessionem
604 523 732 581 cedentis
746 543 781 581 ac
794 524 979 584 detractantis
996 532 1088 586 certa-

149 604 214 660 me'n
236 621 289 679 pro
310 602 431 658 victoria
451 600 562 658 habuil
603 602 702 672 Nunc,
716 604 786 678 qnia
806 604 856 660 ille
871 606 1016 663 exercitus
1036 606 1088 663 Hi·

148 682 257 758 spaniae
281 680 437 756 provinciae
460 682 584 756 scriptus
607 681 647 741 ibi
670 700 739 739 curn
762 681 849 739 fratre
873 682 928 739 Cn.
954 684 1088 761 Scipione

148 762 220 817 meis
234 760 373 836 auspiciis
388 777 449 814 rern
464 761 547 835 gerit,
563 759 611 816 ubi
625 779 694 817 eum
707 778 809 836 gerere
823 772 941 818 senatus
954 764 1118 838 populus-5

147 858 204 914 que
225 836 376 895 Romanus
397 838 494 906 voluit,
513 856 577 915 ego,
596 848 626 895 ut
650 839 800 896 consulem
822 839 926 897 ducem
950 842 1089 898 adversus

147 916 344 975 Hannibalem
360 933 395 972 ac
416 915 520 973 Poenos
533 917 684 987 haberetis
699 919 760 993 ipse
781 937 827 974 me
844 918 913 976 hnic
927 920 1089 977 voluntario

147 996 300 1055 certamini
314 994 412 1063 obtuli,
422 993 495 1052 nov'o
505 996 670 1070 imperatori
686 997 761 1074 apud
775 1015 864 1055 novos
878 998 984 1055 milites
995 1018 1089 1074 pauca

147 1075 238 1133 verba
253 1073 385 1131 facienda
398 1083 474 1131 sunt.
517 1073 564 1131 Ne
577 1092 670 1150 genus
686 1075 753 1132 belli
767 1094 839 1133 neve
853 1076 962 1134 hostem
976 1078 1087 1153 ignore-

130 1170 133 1176 ’
148 1154 191 1222 tie,
204 1171 273 1211 cum
288 1153 324 1209 iis
337 1162 380 1209 est
394 1153 482 1221 vobis,
494 1153 608 1223 milites,
619 1153 815 1231 pugnandum,
827 1174 898 1229 quos
911 1165 989 1213 terra
1002 1157 1087 1212 mari-
1100 1156 1136 1214 10

147 1251 203 1308 que
225 1232 319 1307 priore
340 1231 415 1288 bello
436 1231 553 1301 vicistis,
568 1233 705 1308 aquibus
724 1233 897 1308 stipendium
918 1252 969 1311 per
985 1235 1088 1312 viginti
1147 1249 1152 1255 '

148 1329 237 1368 annos
261 1310 407 1386 exegistis,
431 1329 449 1367 a
472 1310 577 1385 quibus
601 1320 687 1387 capta
714 1311 784 1367 belli
811 1312 930 1386 praemia
956 1312 1088 1370 Siciliam

147 1407 184 1447 ac
208 1388 373 1445 Sardiniam
395 1388 515 1446 habetis.
559 1387 625 1446 Erit
645 1390 735 1466 igitur
755 1390 786 1445 in
807 1390 862 1447 hoc
885 1392 1043 1448 certamine
1063 1392 1089 1449 is
1127 1384 1133 1396 ’

146 1468 228 1525 vobis
248 1467 364 1545 illisque
386 1468 508 1538 animus,
523 1469 574 1543 qui
595 1468 752 1525 victoribus
768 1476 797 1525 et
817 1468 902 1525 victis
922 1487 985 1525 ease
1005 1469 1087 1526 solet.

146 1546 213 1605 Nec
235 1545 396 1616 'nudo-illi,
417 1548 487 1622 quia
515 1546 629 1617 audent,
651 1546 701 1605 sed
725 1548 795 1623 quia
820 1565 940 1605 necesse
963 1556 1016 1617 est,
1037 1566 1088 1624 pu·
1101 1550 1138 1604 15

145 1625 264 1703 gnaturi
284 1634 359 1695 sunt,
374 1626 430 1683 nisi
444 1624 569 1695 creditis,
584 1626 634 1702 qui
653 1628 783 1684 exercitu
801 1626 941 1683 incolumi
961 1639 1089 1703 pugnam

146 1704 355 1774 detractavere,
370 1723 428 1775 eos,
443 1704 556 1762 duabus
572 1705 702 1781 partibus
715 1704 842 1782 peditum
856 1706 1043 1782 equitumque
1057 1706 1089 1763 in

146 1784 269 1844 transitu
283 1783 405 1859 Alpium
420 1785 541 1853 arnissis,
555 1803 623 1841 oum
638 1784 737 1861 plures
750 1802 831 1861 poene
850 1785 987 1861 perierint
1000 1803 1089 1861 quarn

146 1863 300 1940 supersint,
316 1862 381 1938 plus
399 1864 461 1939 spei
481 1873 580 1921 nactos
601 1882 674 1921 esse.
717 1864 759 1921 At
772 1864 850 1920 enim
871 1864 958 1939 pauci
971 1863 1089 1939 quidem

146 1952 222 2011 sunt,
237 1940 288 1998 sed
310 1943 441 2019 vigentes
464 1943 567 1999 animis
591 1942 824 2017 corporibusque,
834 1940 965 2017 'quorum
988 1942 1089 1999 robora
1099 1944 1137 1999 20

145 2040 181 2078 uc
204 2021 282 2077 vires
306 2021 355 2077 vix
377 2018 518 2078 sustinere
547 2018 591 2078 vis
615 2022 676 2078 ulla
699 2022 796 2097 possit.
848 2020 1089 2097 Effigies-immo

145 2098 258 2157 umbrae
278 2099 435 2168 hominum,
458 2098 544 2168 farne,
563 2098 678 2176 frigore,
700 2100 809 2169 illuvie,
828 2100 963 2175 squalore
984 2099 1088 2169 enecti,

144 2178 259 2235 contusi
274 2195 309 2234 ac
330 2177 469 2235 debilitati
487 2178 563 2235 inter
576 2197 648 2235 saxa
664 2197 825 2254 rupesque:
847 2178 884 2235 ad
904 2178 958 2235 hoc
972 2178 1089 2254 praeusti

145 2266 236 2326 artus,
251 2256 318 2313 nive
333 2256 460 2333 rigentes
480 2257 572 2327 nervi,
587 2258 717 2314 membra
737 2258 844 2315 torrida
856 2256 935 2333 gelu,
950 2267 1089 2333 quassata

145 2334 297 2411 fractaque
319 2354 409 2405 arma,
425 2335 522 2393 claudi
543 2354 579 2394 ac
593 2336 701 2393 debiles
722 2338 806 2412 equi:
828 2355 896 2393 cum
914 2337 969 2393 hoc
982 2337 1087 2411 equite,
1098 2342 1138 2397 25

145 2414 286 2473 onm.hoc
307 2414 400 2490 pedite
420 2416 575 2491 pugnaturi
595 2416 672 2484 estis,
688 2415 826 2489 reliquias
839 2425 984 2471 extremas
1004 2415 1088 2472 hosti-

144 2512 206 2564 urn,
221 2512 279 2550 non
294 2493 412 2563 hostem,
427 2492 578 2550 habebitis.
621 2493 669 2550 Ao
686 2493 758 2548 nihil
780 2493 873 2567 magis
886 2510 988 2549 vereor
1001 2510 1090 2566 quarn

143 2592 182 2630 ne
196 2573 257 2641 oui,
273 2591 324 2629 vos
344 2574 422 2629 c'unr
433 2572 640 2649 pugnaveritis,
655 2570 749 2646 Alpes
769 2571 873 2626 vicisse
894 2568 1090 2625 Hannibalem

145 2652 318 2709 videantur:
340 2650 391 2709 sed
405 2652 445 2708 ita
466 2650 584 2709 forsitan
605 2650 711 2717 decuit,
726 2667 795 2705 curn
810 2646 952 2705 loederum
974 2656 1089 2722 ruptore

143 2730 221 2789 duce
237 2750 273 2787 ac
288 2729 392 2806 populo
405 2729 473 2787 deos
487 2731 571 2805 ipsos,
586 2730 648 2787 sine
664 2727 725 2784 ulla
743 2728 870 2783 humana
884 2745 946 2802 ope,
961 2726 1088 2804 commit·
1101 2729 1139 2784 30

143 2818 207 2867 tere
222 2828 258 2867 ac
278 2809 431 2885 profligare
453 2809 570 2879 bellurn,
585 2806 645 2877 n'os,
660 2808 710 2883 qui
729 2806 890 2864 secundum
910 2805 978 2862 deos
992 2804 1090 2862 violati

144 2908 258 2959 sumus,
273 2888 460 2946 commissum
479 2907 513 2945 ao
528 2886 877 2964 profligatnmconficere·.
884 2876 999 2960 XXLI.
1022 2884 1091 2943 Non

144 2986 259 3037 vereor,
270 2985 307 3023 nc
322 2967 387 3042 quis
401 2986 447 3023 me
461 2967 525 3024 haec
539 2967 627 3023 vestri
641 2965 809 3023 adhortandi
822 2984 914 3022 causa
933 2965 1088 3041 magnifice
1157 3037 1160 3044 ⁴

144 3048 226 3123 loqui
248 3047 401 3117 existimet,
416 3047 512 3122 ipsum
531 3044 615 3103 aliter
634 3046 729 3101 animo
750 3043 885 3101 affectum
905 3064 986 3102 esse:
1008 3044 1091 3102 licuit

144 3126 176 3183 in
191 3125 365 3202 Hispaniam
384 3125 562 3201 provinciam
576 3142 678 3193 meam,
694 3142 751 3199 quo
766 3124 828 3200 jam
843 3122 988 3199 profectus
1000 3142 1089 3193 eram,
1102 3127 1140 3180 35

144 3224 224 3263 curnv
237 3204 368 3261 exercitu
389 3205 431 3261 ire
453 3222 525 3273 meo,
540 3203 590 3259 ubi
611 3212 639 3260 et
658 3202 776 3259 fratrem
790 3201 902 3259 consilii
922 3202 1091 3277 participem

144 3303 183 3341 ac
197 3283 322 3360 periculi
340 3284 452 3341 socium
466 3283 612 3352 haberem,
627 3292 655 3339 et
669 3280 883 3338 Hasdrubalem
897 3281 990 3355 potius
1004 3297 1092 3352 quarn

145 3361 346 3421 Hannibalem
360 3363 479 3431 hostem,
495 3371 523 3418 et
537 3362 676 3419 minorem
696 3358 872 3416 hauddubie
887 3356 990 3413 molem
1006 3356 1090 3413 belli:

145 3452 255 3510 tamen,
284 3460 353 3499 curn
389 3441 615 3517 praeterveherer
647 3440 771 3496 navibus
806 3436 912 3493 Galliae
937 3453 1026 3502 oram,
1056 3434 1091 3491 ad

145 3519 258 3577 samam
273 3520 361 3595 hujus
372 3520 460 3577 hostis
471 3520 499 3576 in
514 3530 621 3581 terram
635 3520 779 3593 egressus,
790 3515 937 3592 praernisso
951 3514 1090 3588 equitatu,
1102 3515 1139 3570 40

145 3599 184 3659 ad
207 3599 383 3657 Rhodanum
404 3600 480 3656 movi
501 3607 606 3655 castra.
648 3595 786 3671 Equestri
806 3594 918 3669 proelio,
933 3611 992 3666 qua
1012 3603 1091 3668 parte
1124 3623 1126 3626 ·

145 3678 300 3755 copiarum
328 3676 497 3736 conserendi
525 3694 644 3733 manum
668 3674 783 3731 fortuna
815 3672 882 3728 data
909 3681 960 3741 est,
983 3672 1093 3728 hostem

146 3756 229 3815 fudi:
250 3757 382 3834 peditum
403 3757 517 3834 agmen,
530 3755 607 3832 quod
620 3755 651 3812 in
665 3752 782 3810 modurn
803 3749 976 3828 fugientium
990 3751 1094 3827 raptim

147 3836 302 3917 agebatur,
320 3836 390 3915 quia
413 3835 529 3912 assequi
553 3843 631 3893 terra
654 3850 711 3891 non
733 3841 869 3909 poteram,
884 3848 1034 3908 regressus
1058 3828 1093 3889 ad
