2717 4292
499 314 586 355 arnna
600 314 662 355 xxr.
704 314 771 355 car.
786 314 829 354 rr.
1117 308 1157 369 97

164 446 274 507 ratione
294 455 355 503 tarn
376 445 510 521 ancipitis
530 446 678 504 sententiaa
698 447 728 503 in
749 465 781 503 se
800 465 901 505 omnes
913 450 1111 523 convertisset,

163 526 296 583 “florem
324 524 447 595 atatis,'’
480 526 583 601 inquit,
606 532 625 561 “
633 525 810 596 Hasdrubal,
831 545 919 603 quarn
945 528 1007 605 ipse
1036 532 1112 607 patri

162 604 340 663 Hannibalis
355 602 509 661 fruendum
524 605 654 681 praebuit,
665 605 744 681 justo
754 606 822 681 jure
836 625 905 663 eum
916 626 934 665 a
946 608 1007 684 filio
1020 610 1111 686 repeti

161 695 280 743 censet:
302 703 355 743 nos
368 693 465 741 tamen
480 685 598 741 minime
613 685 705 755 decet,
721 686 905 760 juventutem
918 697 1045 745 nostram
1059 707 1111 766 pro

160 765 283 821 militari
307 764 470 821 rudimento
498 763 682 822 assuefacere
704 764 816 821 libidini
839 776 1003 841 praetorum.
1059 770 1138 827 Ana

160 844 216 901 hoc
246 844 391 913 timemus,
420 861 457 901 ne
485 842 663 901 Hamilcaris
691 844 770 900 filius
791 844 878 901 nimis
901 864 966 903 sero
987 847 1125 922 imperia.

159 922 319 980 immodica
333 932 361 979 et
382 923 465 999 regni
479 924 590 997 paterni
611 924 739 999 speciem
753 922 857 994 videat,
879 934 916 994 et,
931 925 1017 1001 cujus
1032 926 1109 1003 regis

159 1021 271 1079 genero
292 1002 458 1059 hereditarii
479 1002 535 1058 sint
556 1002 650 1059 relicti
671 1004 818 1061 exercitus
837 1004 935 1074 nostri,
960 1006 1026 1081 ejus
1049 1006 1110 1063 filio

160 1100 268 1157 parum
291 1092 402 1139 mature
425 1081 610 1137 serviamus?
660 1081 733 1158 Ego,
759 1083 846 1139 istum
867 1083 1008 1158 juvenem
1032 1084 1108 1142 donli

160 1160 328 1230 tenendum,
344 1161 398 1217 sub
412 1160 526 1237 legibus
539 1161 594 1217 sub
608 1162 823 1238 magistratibus
837 1162 998 1220 docendum
1009 1166 1157 1226 viverolo

160 1258 246 1315 aequo
266 1241 334 1316 jure
349 1258 417 1296 cum
436 1240 540 1297 ceteris
558 1258 671 1309 censeo,
687 1259 724 1298 ne
744 1239 917 1316 quandoque
937 1262 1045 1319 parvus
1060 1244 1106 1302 hic

160 1319 238 1395 ignis
252 1319 418 1376 incendium
432 1319 536 1395 ingens
549 1318 739 1377 exsuscitet.'’
774 1318 828 1377 IV.
850 1320 951 1392 Pauci,
966 1341 1002 1380 ac
1016 1321 1106 1381 ferme

70 1470 73 1477 Ι
159 1400 286 1476 optimus
310 1399 442 1473 quisque,
467 1396 605 1455 Hannoni
628 1398 878 1455 assentiebantur:
905 1400 966 1469 sed,
990 1411 1022 1458 ut
1046 1402 1105 1477 ple-

160 1495 287 1553 rumque
301 1477 342 1547 fit,
357 1477 449 1554 major
463 1496 530 1553 pars
544 1477 695 1534 meliorem
709 1477 788 1534 vicit.
831 1475 939 1535 Missus
958 1477 1106 1536 Hannibal

157 1556 191 1615 in
204 1556 380 1633 Hispaniam
400 1558 493 1633 primo
505 1558 602 1615 statim
617 1556 743 1613 adventu
759 1574 875 1613 omnem
895 1559 1057 1616 exercitum
1075 1558 1107 1615 in
1117 1564 1156 1618 15

158 1655 191 1693 se
207 1636 359 1695 convertit.
401 1635 603 1693 Hamilcarem
613 1636 754 1711 juvenem
768 1634 912 1693 redditum
925 1637 980 1693 sibi
994 1646 1108 1695 veteres

158 1716 268 1775 milites
291 1715 429 1789 credere;
466 1714 591 1773 eundem
615 1715 745 1791 vigorem
772 1715 803 1771 in
827 1715 911 1773 vultu
934 1717 1052 1793 vimque
1075 1716 1107 1773 in

158 1795 262 1866 oculis,
289 1795 419 1854 habitum
442 1796 501 1852 oris
523 1794 755 1870 lineamentaque
780 1794 903 1852 intueri:
934 1795 1000 1853 dein
1025 1795 1107 1853 brevi

158 1874 265 1945 effecit,
289 1884 321 1932 ut
344 1884 426 1951 pater
445 1874 476 1931 in
496 1894 528 1932 se
547 1874 699 1931 minimum
719 1884 896 1931 momentum
919 1875 955 1932 ad
977 1874 1105 1933 favorem

158 1954 375 2011 conciliandum
395 1964 480 2011 esset.
540 1953 702 2030 Nunquam
723 1954 874 2031 ingenium
898 1954 975 2011 idem
999 1955 1035 2011 ad
1058 1961 1154 2016 res20

157 2032 381 2103 diversissimas,
397 2032 557 2108 parendum
573 2044 658 2109 atque
674 2032 884 2108 imperandum,
899 2032 1025 2091 habilius
1039 2033 1103 2092 fuit.

158 2111 261 2188 ltaque
276 2112 354 2170 haud
379 2112 464 2171 facile
485 2112 673 2181 discerneres,
690 2124 787 2169 utrum
808 2113 973 2187 imperatori
998 2132 1034 2169 an
1055 2132 1105 2171 ex·

157 2193 265 2249 ercitui
286 2193 381 2249 carior
401 2201 493 2249 esset:
514 2210 609 2267 neque
630 2191 797 2253 Hasdrubal
818 2192 909 2248 alium
929 2211 1104 2269 quemquam

157 2272 308 2347 praeficere
331 2272 428 2341 malle,
452 2272 503 2329 ubi
528 2270 597 2346 quid
620 2270 731 2329 fortiter
755 2290 790 2329 ac
814 2281 931 2329 strenue
959 2272 1104 2349 agendum

157 2361 243 2420 esset,
259 2370 354 2426 neque
369 2351 473 2408 milites
498 2351 555 2408 alio
577 2350 651 2407 duce
674 2351 741 2428 plus
754 2352 898 2408 confidere
913 2361 963 2409 aut
984 2351 1101 2409 audere.
1113 2356 1153 2409 25

158 2430 324 2487 Plurimum
349 2430 480 2488 audaciae
507 2430 543 2487 ad
573 2431 705 2507 pericula
731 2430 917 2505 capessenda,
945 2431 1104 2507 plurimum

158 2510 273 2567 consilii
294 2511 370 2567 inter
387 2510 450 2585 ipsa
470 2510 600 2586 pericula
614 2519 694 2567 erat:
716 2509 796 2565 nullo
816 2509 914 2566 labore
929 2519 980 2565 aut
999 2528 1105 2584 corpus

157 2587 276 2665 fatigari
305 2599 356 2647 aut
384 2590 498 2647 animus
525 2589 603 2646 vinci
631 2597 750 2664 poterat.
792 2586 905 2644 Caloris
930 2606 965 2643 ac
990 2586 1104 2662 frigoris

157 2670 297 2745 patientia
321 2687 393 2745 par:
425 2668 483 2726 cibi
511 2668 689 2746 potionisque
716 2665 857 2722 desiderio
883 2664 1019 2734 naturali,
1047 2684 1104 2722 non

158 2748 317 2817 voluntate,
339 2747 440 2805 modus
460 2748 568 2805 finitus·
611 2746 789 2823 Vigiliarum
812 2745 961 2819 somnique
982 2762 1037 2801 nec
1057 2744 1103 2801 die
1114 2748 1152 2803 30

65 2889 67 2891 ,
157 2845 215 2885 nec
235 2837 320 2885 nocte
334 2826 531 2885 discriminata
552 2836 699 2902 tempora:
721 2825 759 2895 id,
775 2824 850 2902 quod
870 2823 1005 2901 gerendis
1019 2825 1105 2881 rebus

158 2916 330 2983 superesset,
357 2908 446 2982 quieti
470 2906 588 2963 datum:
620 2925 655 2963 ea
680 2924 775 2981 neque
799 2905 878 2962 molli
899 2913 988 2961 strato
1007 2922 1104 2980 neque

158 2986 270 3043 silentio
286 2987 434 3044 arcessita.
458 2985 543 3043 Multi
553 3004 628 3061 saepe
638 2986 755 3044 militari
766 2983 867 3061 sagulo
878 2995 1008 3060 opertum
1023 2984 1104 3041 humi

155 3064 302 3143 jacentem
325 3066 399 3122 inter
423 3066 567 3123 custodias
591 3066 784 3140 stationesque
804 3064 929 3122 militum
948 3083 1103 3141 conspexe-

159 3154 236 3203 runt.
278 3144 409 3202 Vestitus
423 3146 495 3202 nihil
509 3146 585 3202 inter
598 3144 725 3219 aequales
735 3144 899 3202 excellens:
921 3162 1003 3201 arma
1017 3155 1103 3219 atque
1113 3143 1152 3201 35

132 3254 134 3259 .
158 3226 227 3301 oqui
247 3225 510 3301 conspiciebantur.
553 3222 694 3299 Equitum
715 3224 899 3301 peditumque
920 3223 997 3280 idem
1018 3222 1103 3300 longe

159 3304 269 3381 primus
290 3312 369 3361 erat:
392 3303 577 3381 princepsssin
598 3303 735 3379 proelium
756 3304 824 3372 ibat,
840 3303 959 3359 ultimus
973 3310 1103 3359 conserto

159 3382 263 3460 proelio
275 3383 444 3441 excedebat.
487 3382 551 3440 Has
571 3392 669 3441 tantas·
679 3382 735 3439 viri
749 3383 871 3438 virtutes
891 3381 1020 3455 ingentia
1033 3380 1104 3435 vitia

130 3492 133 3497 ·
158 3462 321 3538 aequabant,
337 3463 496 3519 inhumana
511 3462 675 3531 crudelitas,
692 3460 813 3538 perfidia
833 3460 1001 3534 plusquam
1015 3457 1103 3514 Puni-

158 3559 203 3609 ca,
218 3540 298 3613 ,nihil
318 3543 389 3611 veri,
410 3542 482 3598 nihil
506 3542 608 3610 sancti,
633 3541 733 3598 nullus
757 3539 843 3596 deum
865 3546 968 3604 metus,
989 3535 1152 3596 nullum40

156 3618 372 3696 jusjurandum,
397 3621 479 3677 nulla
504 3620 615 3697 religio.
668 3619 744 3677 Cum
769 3618 823 3674 hac
845 3616 940 3672 indole
965 3616 1104 3672 virtutum

158 3708 244 3775 atque
260 3701 397 3758 vitiorum
412 3701 533 3757 triennio
544 3701 598 3757 sub
610 3697 794 3755 Hasdrubale
805 3696 978 3771 imperatore
989 3708 1104 3767 meruit,

157 3779 239 3836 nulla
254 3797 296 3848 re,
306 3798 373 3855 quae
387 3780 498 3857 agenda
513 3776 694 3853 videndaque
709 3794 814 3853 magno
825 3774 923 3833 futuro
936 3774 1005 3832 duci
1019 3783 1104 3843 esset,

159 3860 362 3935 praetermissa.
677 3887 684 3899 ·

646 3941 666 3994 9
