2717 4292
182 281 240 341 llo
583 294 652 354 riri
673 293 747 334 mvn

228 425 411 497 obsedissent,
426 427 507 484 velut
530 428 566 485 ob
586 444 692 483 noxam
704 424 759 481 sibi
777 423 843 481 dedi
866 422 1025 500 postularet
1048 422 1172 499 populns

229 504 386 574 Romanus,
409 505 524 563 Iberum
545 502 694 581 trajecisse
709 503 745 560 ad
767 501 921 560 delendum
941 521 1047 559 nomen
1068 502 1175 560 Roma-

228 601 331 640 norum
359 584 597 661 liberandumque
624 584 724 641 orbern
751 592 905 639 terrarum.
959 581 1039 639 Turn
1063 582 1176 641 nemini

229 664 324 719 visum
338 662 366 719 id
381 664 509 741 longum,
525 683 592 721 cum
608 663 644 719 ab
658 680 764 719 occasu
779 661 847 719 solis
861 661 897 717 ad
914 671 1031 717 exortus
1045 660 1175 718 intende-

199 750 294 804 brent
310 743 382 799 iter:
404 761 492 812 nnnc,
514 753 663 819 postquam
678 740 769 797 multo
783 740 922 816 majorem
937 748 1048 816 partem
1062 740 1175 797 itineris

229 840 377 878 emensam
398 833 527 892 cernant,
552 821 726 896 Pyrenaeum
749 819 856 876 saltum
880 820 955 875 inter
980 817 1175 875 ferocissimas

184 946 191 957 .
229 911 330 977 gentes
343 910 520 976 superatum,
533 900 715 968 Rhodanum,
727 907 838 955 tantum
854 917 979 967 amnem,
989 906 1034 961 tot,
1044 898 1175 955 millibus

230 978 383 1037 Gallorum
406 979 629 1056 prohibentibus,
653 978 760 1035 domita
780 978 868 1033 etiarn
887 977 978 1053 ipsius
998 977 1127 1033 fluminis
1143 978 1177 1037 vi

229 1058 392 1134 trajectum,
414 1060 445 1115 in
469 1068 626 1134 conspectu
639 1056 733 1134 Alpes
753 1056 886 1125 habeant,
901 1073 1026 1131 quarum
1047 1055 1175 1113 alterum

183 1144 218 1198 10
229 1134 306 1195 latus
320 1135 412 1194 ltaliae
425 1138 470 1207 sit,
485 1138 516 1194 in
535 1137 606 1214 ipsis
619 1136 708 1213 portis
721 1136 845 1192 hostium
862 1133 995 1212 fatigatos
1016 1135 1175 1192 subsistere

228 1214 339 1291 -quid
353 1216 444 1292 Alpes
465 1215 544 1274 aliud
565 1235 628 1273 esse
642 1214 794 1273 credentes
813 1232 901 1289 quarn
915 1214 1056 1271 montium
1076 1214 1173 1271 altitu·

229 1292 333 1351 dines?
374 1294 533 1372 Fingerent
553 1294 669 1352 altiores
694 1293 828 1368 Pyrenaei
846 1293 927 1369 jugis
937 1292 1083 1349 :-nullas
1110 1310 1173 1370 pro·

230 1370 306 1430 secto
319 1382 412 1431 terras
421 1374 526 1431 caelum
540 1375 707 1451 contingere
716 1391 771 1429 nec
785 1371 1032 1448 inexsuperabiles
1046 1372 1175 1429 humano

230 1452 332 1528 generi
345 1472 418 1509 esse.
461 1453 553 1529 Alpes
576 1452 693 1530 quidem
714 1451 929 1521 habitari,·coli,
943 1452 1065 1528 gignere
1086 1459 1174 1527 atque

182 1539 219 1593 15
231 1529 309 1588 alere
330 1532 501 1589 animantes.
554 1532 672 1589 Pervias
696 1532 797 1607 paucis
819 1540 952 1587 esse—et
972 1527 1173 1587 exercitibus?

230 1608 290 1666 Eos
304 1610 388 1687 ipsos,
403 1627 475 1686 quos
489 1620 617 1680 cernant,
633 1610 743 1685 legatos
757 1628 813 1666 non
827 1611 929 1668 pennis
943 1609 1067 1667 sublime
1082 1609 1175 1666 elatos

231 1688 324 1765 Alpes
337 1698 547 1766 transgressos:
568 1708 604 1746 ne
619 1689 742 1765 majores
761 1688 877 1765 quidem
891 1707 991 1746 eorum
1011 1687 1173 1763 indigenas,
1214 1724 1218 1730 ·

230 1767 280 1824 sed
302 1767 428 1825 advenas
452 1767 543 1826 ltaliae
567 1768 694 1825 cultores
718 1767 770 1824 has
794 1768 871 1845 ipsas
892 1767 985 1845 Alpes
1008 1767 1175 1843 ingentibus

230 1864 306 1922 saepe
327 1848 491 1923 agminibus
511 1866 579 1905 cum
601 1847 701 1904 liberis
722 1865 757 1904 ac
777 1846 958 1923 conjugibus,
984 1847 1174 1924 migrantium

181 1933 220 1988 20
231 1926 322 1995 modo,
350 1935 411 1982 tuto
437 1927 638 1984 transmisisse.
695 1924 782 1983 Militi
808 1926 926 2001 quidem
953 1936 1072 1994 armato,
1100 1925 1175 1982 nihil

230 2024 331 2062 seeum
346 2016 450 2082 praeter
463 2006 653 2063 instrumenta
667 2005 738 2062 belli
758 2006 890 2081 portanti,
906 2005 975 2081 quid
996 2006 1108 2062 invium
1123 2013 1175 2063 aut

230 2083 463 2161 inexsuperabile
483 2086 569 2143 essel
611 2085 775 2162 Saguntum
797 2094 828 2142 ut
851 2095 1013 2161 caperetur,
1028 2084 1098 2160 quid
1122 2102 1176 2160 per

132 2213 136 2221 .
230 2174 294 2221 octo
308 2182 421 2221 menses
442 2165 572 2241 p'ericuli,
588 2164 656 2241 quid
677 2163 783 2221 laboris
801 2164 975 2221 exhaustum
988 2163 1075 2221 essel
1116 2162 1174 2221 Ro·

230 2253 437 2319 mam-caput
458 2244 534 2301 orbis
555 2244 902 2320 terrarum-petentibus
922 2244 1081 2319 quidquam
1102 2242 1175 2300 adeo

182 2329 218 2384 25
232 2340 367 2397 asperum
389 2332 475 2398 atque
496 2322 620 2380 arduum
635 2322 736 2392 videri,
757 2322 833 2398 quod
853 2322 1000 2398 inceptum
1022 2320 1173 2380 moretur?

231 2399 349 2476 Cepisse
364 2401 508 2478 quondam
529 2401 630 2459 Gallos
644 2419 786 2477 ea-quae
799 2401 873 2459 adiri
893 2421 975 2478 posse
996 2401 1105 2459 Poenus
1125 2400 1173 2458 de·

231 2480 347 2556 speret?
389 2480 510 2539 Proinde
526 2491 576 2539 aut
596 2480 733 2539 cederent
753 2482 848 2538 animo
867 2491 953 2556 atque
968 2481 1074 2538 virtute
1094 2480 1175 2557 genti

231 2577 283 2636 per
296 2579 345 2617 eos
358 2559 420 2617 dies
439 2562 521 2618 toties
542 2561 578 2617 ab
592 2580 623 2618 se
637 2561 732 2630 victae,
748 2570 799 2618 aut
817 2561 929 2617 itineris
949 2560 1038 2617 finem
1058 2566 1177 2637 sperent

231 2656 368 2717 campum
382 2640 601 2716 interjacentem
614 2639 717 2698 Tiberi
731 2658 765 2696 ac
780 2640 924 2696 moenibus
939 2637 1088 2696 Romanis.

183 2726 222 2781 30
273 2716 383 2776 ΧΧΧΙ.
405 2716 461 2776 His
489 2718 734 2777 adhortationibus
760 2717 893 2775 incitatos
919 2737 1041 2793 corpora
1068 2735 1175 2775 curare

233 2805 318 2872 atque
346 2797 383 2854 ad
409 2798 464 2855 iter
491 2818 522 2855 se
546 2816 650 2874 parare
675 2797 768 2874 jubet.
819 2796 934 2855 Postero
958 2797 1004 2855 die
1028 2795 1189 2874 profectus.

233 2874 354 2931 adversa
368 2876 431 2952 ripa
445 2875 578 2934 Rhodani
593 2876 804 2933 mediterranea
819 2874 925 2933 Galliae
938 2878 1017 2953 petit,
1032 2894 1089 2933 non
1103 2876 1175 2952 quia

233 2953 338 3009 rectior
351 2954 386 3010 ad
402 2953 494 3030 Alpes
502 2956 551 3012 via
564 2965 647 3025 esset,
659 2954 711 3012 sed
723 2966 864 3031 quantum
878 2975 896 3012 a
909 2956 983 3012 mari
997 2956 1173 3025 recessisset,

233 3032 330 3088 minus
349 3032 466 3090 obvium
489 3032 549 3091 fore
570 3032 735 3092 Romanum
756 3033 887 3104 credens,
909 3054 977 3092 cum
999 3054 1066 3111 quo,
1081 3034 1174 3110 prius·

148 3118 154 3131 ‘
183 3119 222 3175 35
233 3129 321 3187 quam
341 3110 371 3167 in
392 3110 505 3169 Italiam
519 3123 637 3170 ventum
659 3112 739 3183 foret,
755 3123 889 3171 nouerat
907 3114 938 3170 in
953 3114 1049 3172 animo
1070 3131 1175 3170 manus

233 3208 395 3248 conserere.
450 3190 572 3257 Quartis
593 3194 696 3250 castris
720 3192 756 3249 ad
780 3191 911 3250 Insulam
934 3193 1075 3269 pervenit.
1130 3190 1175 3249 Ibi

233 3267 313 3327 Isara
326 3252 540 3347 Rhodanusque
550 3290 650 3329 amnes
658 3270 780 3329 diversis
789 3290 825 3328 ex
838 3271 963 3348 Alpibus
977 3270 1174 3338 decurrentes,

234 3350 297 3425 agri
312 3349 491 3425 aliquantum
505 3351 631 3426 amplexi
645 3351 795 3407 confluunt
804 3354 835 3407 in
850 3369 959 3407 unumr
980 3350 1082 3407 mediis
1096 3367 1174 3406 cam-

234 3430 278 3503 pis
298 3428 407 3487 Insulae
425 3448 529 3485 nomen
553 3429 686 3487 inditum.
729 3427 862 3487 Incolunt
882 3447 968 3505 prope
991 3428 1175 3505 Allobroges,

184 3514 223 3569 tn
233 3525 304 3581 gens
315 3508 377 3583 jam
391 3507 457 3565 inde
466 3508 548 3564 nulla
559 3507 675 3565 Gallica
689 3518 774 3584 gente
783 3509 884 3584 opibus
893 3518 943 3565 aut
958 3506 1036 3563 fama
1044 3506 1174 3564 inferior.

234 3585 313 3643 Tum
337 3587 445 3644 discors
469 3596 548 3659 erat:
571 3588 653 3664 regni
674 3588 832 3643 certamine
847 3586 1033 3664 ambigebant
1054 3585 1175 3641 fratres:

233 3666 333 3741 major,
345 3676 377 3737 et
397 3666 447 3741 qui
469 3666 549 3740 prius
569 3666 755 3743 imperitaret,
770 3664 904 3722 Braneus
924 3666 1050 3735 nomine,
1065 3663 1176 3721 minore

233 3743 271 3801 ab
285 3742 372 3799 fratre
382 3753 409 3800 et
420 3754 498 3800 coetu
510 3744 667 3819 juniorum,
679 3744 730 3819 qui
740 3745 808 3820 jure
822 3745 928 3813 minus,
938 3744 968 3801 vi
981 3744 1176 3835 pluspoterat,

231 3820 404 3894 pellebatur.
437 3820 536 3897 Hujus
546 3822 693 3880 seditionis
706 3832 916 3899 peropportuna
930 3822 1099 3900 disceptatio
1106 3839 1176 3879 curn
