2717 4292
464 289 551 330 mese
568 291 589 331 1.
633 292 700 332 cnr.
722 292 787 348 xm,
801 294 865 335 xiv.
1124 287 1162 349 15

158 417 248 492 jecit:
280 427 483 496 averteratque
508 439 544 478 ea
564 439 610 479 res
632 423 721 480 etiam
743 423 867 483 Sabioos
887 427 959 484 tanti
983 427 1116 504 periculo

163 499 236 554 viri:
259 507 288 554 et
308 497 358 554 ille
380 499 507 574 quidem,
526 500 719 560 adnuentibus
739 523 775 561 ac
797 506 967 563 vocantibus
987 507 1058 576 suis,
1073 507 1114 565 sa·

161 596 230 634 vore
246 577 406 634 multorum
424 578 519 635 addito
540 579 644 650 animo,
660 582 766 639 evadit.
809 583 934 641 Romani
954 585 1114 662 Sabinique

159 657 190 713 in
206 655 304 712 medie
319 656 452 714 convalle
463 656 587 714 duorum
601 661 741 717 montium
756 661 953 740 redintegrant
966 665 1113 740 proelium,

65 797 69 805 ,
160 735 212 793 sed
227 753 275 791 res
297 734 432 792 Romana
453 745 516 793 erat
536 739 677 813 superior.
721 739 802 797 XIII.
825 739 906 798 Tum
920 742 1036 801 Sabiuae
1050 748 1143 802 inu-b

160 814 260 882 lieres,
276 833 403 889 quarum
418 833 454 871 ex
466 814 574 890 injuria
588 817 699 874 bellum
712 829 808 876 ortum
822 830 894 890 eret,
906 822 1036 880 crinibus
1049 843 1112 900 pas·

160 893 201 950 sis
222 894 374 969 scissaque
396 903 485 963 veste,
500 895 577 952 vieto
597 895 684 953 malis
705 897 842 956 muliebri
856 918 972 975 pavore,
989 920 1068 963 nuere
1081 921 1113 960 se

160 971 239 1030 inter
252 972 311 1029 tela
326 973 454 1029 volantia
464 971 581 1043 inferre,
593 993 630 1031 ex
644 984 809 1034 transverso
822 977 931 1054 impetu
946 978 1031 1050 facto,
1045 981 1112 1038 diri-

160 1069 243 1108 mere
258 1049 380 1108 infestas
395 1053 482 1122 acies,
495 1052 631 1111 dirimere
646 1054 705 1112 iras
713 1074 723 1128 ;
746 1057 815 1113 hinc
829 1067 934 1133 patres,
948 1058 1018 1116 hiae
1035 1060 1114 1118 viros

159 1141 286 1200 orantes,
296 1149 333 1187 ne
347 1131 492 1208 sanguine
506 1151 537 1188 se
551 1131 675 1191 nefando
689 1136 783 1192 soceri
794 1137 953 1212 generique
964 1155 1112 1215 resperge·
1125 1144 1162 1198 10

161 1219 234 1277 rent,
250 1228 288 1266 ne
310 1209 466 1285 parricidio
486 1211 669 1270 macularent
690 1223 790 1289 partus
810 1233 887 1285 euos,
902 1225 1039 1292 nepotum
1057 1216 1111 1287 illi,

161 1288 190 1344 hi
204 1289 333 1345 liberum
345 1290 529 1365 progeniem:
552 1291 604 1347 “si
616 1291 763 1349 affinitatis
776 1294 921 1364 intervos,
936 1296 961 1352 si
975 1297 1112 1354 connubii

161 1368 248 1444 piget,
261 1369 291 1424 in
303 1386 356 1424 nos
371 1369 473 1425 vertite
487 1369 564 1426 iras:
585 1387 638 1426 nos
649 1389 740 1427 eausa
754 1371 832 1440 belli,
844 1391 896 1429 nos
906 1374 1063 1431 vulnerum
1077 1393 1113 1432 ac

161 1447 286 1503 eaedium
310 1447 383 1503 viris
411 1465 445 1504 ae
470 1448 639 1524 parentibus
666 1467 787 1506 sumus:
816 1451 921 1508 melius
944 1453 1111 1528 peribimus,

160 1544 249 1600 quam
275 1525 339 1582 sine
363 1526 462 1584 alteris
487 1529 615 1584 vestrum
640 1527 737 1584 viduae
765 1538 815 1586 aut
842 1529 919 1586 orbae
945 1529 1163 1590 vivemus.''15

160 1603 259 1662 Movet
274 1624 322 1662 res
333 1625 402 1662 eum
415 1605 636 1676 multitudinem,
646 1617 709 1664 tum
724 1607 828 1665 duces:
847 1607 995 1665 silentium

160 1693 188 1741 et
211 1685 365 1761 repentina
387 1685 419 1742 fit
438 1686 539 1761 quies:
561 1685 628 1742 inde
651 1686 687 1743 ad
710 1684 806 1744 foedus
828 1686 996 1744 faciendum
1039 1705 1069 1746 u.
1085 1707 1111 1746 c.

158 1763 251 1821 duces
280 1763 431 1840 prodeunt,
454 1783 509 1822 nec
537 1784 640 1841 pacem
664 1764 756 1835 modo,
771 1766 823 1824 sed
845 1767 993 1824 ciuitatem
1056 1771 1086 1824 7.

158 1860 250 1899 unam
265 1863 302 1900 ex
324 1842 438 1900 duabus
453 1841 566 1901 faciunt
575 1864 584 1916 3
608 1863 733 1921 regnum
749 1846 924 1915 consociant,
939 1847 991 1902 im.
1035 1865 1067 1905 Α.
1082 1865 1110 1905 c.

158 1923 275 1998 perium
304 1942 389 1979 omne
417 1921 570 1980 conserunt
598 1923 732 1980 Romam.
774 1923 819 1981 Ita
845 1925 993 2000 geminata
1040 1929 1161 1985 riam

158 2001 243 2069 urbe,
260 2012 292 2058 ut
306 2001 422 2058 Sabinis
436 2011 532 2058 tamen
554 2002 662 2079 aliquid
682 2002 808 2072 daretur,
823 2003 955 2068 Quirites
975 2023 993 2060 a

157 2079 290 2138 Curibus
305 2081 452 2156 appellati.
490 2079 712 2138 Monumentum
723 2081 787 2156 ejus
798 2100 912 2158 pugnae,
925 2083 974 2138 ubi
986 2083 1111 2158 primum

157 2179 196 2216 ex
212 2158 357 2235 profunda
378 2179 508 2217 emersus
522 2161 633 2236 'palude
654 2180 764 2237 equum
777 2160 897 2218 Curtius
911 2161 941 2217 in
961 2161 1034 2219 vado
1054 2172 1110 2220 eta·

157 2239 224 2306 tuit,
241 2238 377 2296 Curtium
392 2238 491 2296 laeum
507 2240 699 2316 appellarunt.

200 2317 250 2374 Ex
271 2318 348 2375 bello
366 2329 425 2376 tam
447 2319 521 2376 tristi
541 2320 607 2376 laeta
628 2329 746 2396 repente
761 2338 818 2396 pax
838 2322 967 2378 cariores
986 2321 1160 2380 sabinasao

159 2397 233 2454 viris
248 2417 283 2454 ae
299 2398 474 2474 parentibus,
489 2407 597 2455 etanta
616 2418 715 2456 omnes
730 2399 856 2456 Romulo
870 2399 933 2475 ipsi,
949 2398 1035 2457 fecit:
1057 2401 1109 2456 ita-

159 2495 228 2552 que,
250 2495 320 2533 cum
346 2477 483 2552 populum
509 2477 539 2533 in
561 2477 659 2535 curias
681 2479 800 2556 triginta
823 2477 972 2547 divideret,
994 2479 1111 2535 nomina

148 2574 264 2628 'earum
280 2557 370 2612 curiis
384 2557 528 2631 imposuit.
571 2555 603 2613 ld
618 2574 675 2612 non
696 2556 829 2622 traditur,
844 2574 913 2611 eum
931 2555 1111 2611 hauddubie

160 2634 311 2708 aliquanto
331 2653 471 2692 numerus
492 2633 585 2709 major
605 2634 660 2690 hoc
681 2634 840 2697 mulierum
853 2631 950 2700 fuerit,
965 2641 1058 2700 aetate,
1074 2650 1112 2688 an

160 2713 350 2790 dignitatibus
364 2716 424 2770 suis
438 2715 613 2780 virorumve,
630 2730 666 2769 an
682 2722 757 2768 sorte
771 2711 856 2766 lectae
869 2710 934 2779 sint,
946 2728 1012 2786 quae
1022 2709 1110 2766 nomi·
1122 2714 1160 2768 30

160 2810 200 2848 na
214 2794 306 2850 curiis
327 2791 438 2851 darent.
481 2793 593 2850 Eodem
616 2810 741 2868 tempore
756 2799 784 2848 et
798 2791 938 2847 centuriae
958 2799 1016 2847 tres
1030 2790 1110 2866 equi·
1132 2863 1138 2874 ι

159 2881 223 2928 tum
238 2874 408 2948 conscriptae
423 2881 507 2930 sunt:
529 2872 711 2929 Ramnenses
725 2871 761 2928 ab
776 2869 910 2940 Romulo,
923 2870 958 2927 ab
970 2869 1007 2927 T.
1024 2870 1111 2928 Tatio

80 3007 83 3014 ,
160 2949 308 3008 Titienses
331 2952 484 3028 appellati:
510 2950 661 3009 Lucerum
683 2950 807 3008 nomiuis
829 2959 859 3006 et
879 2949 999 3027 originis
1020 2969 1111 3008 eausa

159 3029 272 3088 incerta
287 3041 340 3088 est.
383 3030 452 3088 Inde
467 3050 524 3087 non
539 3030 621 3087 modo
635 3048 798 3099 commune,
810 3028 859 3086 sed
879 3048 998 3086 concors
1012 3031 1109 3098 etiam,

160 3127 287 3186 regnum
311 3111 424 3168 duobus
445 3111 563 3186 regibus
584 3108 647 3166 suit.
691 3109 773 3167 XIV.
796 3108 862 3166 Post
879 3109 988 3184 aliquot
1010 3111 1158 3179 annos,35
1205 3113 1208 3118 ’

180 3191 315 3264 ropInqui
327 3191 404 3267 regis
419 3189 498 3246 Tatii
513 3189 623 3266 legatos
637 3187 830 3246 Laurentium
845 3189 969 3264 pulsant,
982 3206 1109 3261 eumque

160 3207 326 3328 beurentes
337 3270 404 3345 jure
419 3269 549 3344 gentium
570 3278 697 3344 agerent,
713 3266 789 3344 apud
803 3266 921 3324 Tatium
936 3267 1031 3342 gratia
1044 3283 1108 3322 suo·

160 3365 227 3404 rum
241 3359 270 3405 et
284 3367 386 3424 preces
401 3348 466 3424 plus
481 3356 622 3424 poterant.
664 3347 757 3424 Igitur
767 3345 884 3401 illorum
898 3363 1016 3419 poenam
1030 3361 1061 3397 m
1075 3360 1107 3398 se

159 3429 265 3484 vertit:
288 3447 356 3484 nam
378 3426 505 3502 Lavinii,
521 3428 589 3483 cur'n
605 3426 641 3483 ad
662 3427 801 3483 sollemne
821 3422 999 3479 sacrificium
1012 3439 1047 3476 eo
1061 3438 1108 3476 ve-

159 3507 259 3575 nisset,
272 3525 418 3564 concursu
433 3505 517 3576 secte,
529 3505 712 3563 interficitur.
739 3568 740 3571 Ἴ
754 3502 831 3560 Eam
845 3519 906 3556 rem
921 3500 1017 3555 minus
1031 3517 1108 3574 aegre
1119 3503 1157 3558 tu

159 3605 251 3661 quam
266 3585 387 3662 dignum
409 3597 479 3655 erat,
495 3585 595 3642 tulisse
610 3584 769 3641 Romulum
791 3579 888 3636 serunt
897 3598 906 3650 3
929 3597 980 3634 seu
995 3578 1031 3634 ob
1045 3578 1107 3635 infi-

160 3665 227 3722 dam
242 3665 410 3723 soeietatem
426 3665 517 3743 regni,
529 3683 581 3722 seu
596 3664 664 3740 quia
678 3660 756 3720 haud
767 3658 874 3734 injuria
888 3676 995 3715 oaesum
1010 3657 1107 3716 erede-

161 3745 218 3802 bat.
262 3743 363 3820 ltaque
376 3745 451 3801 bello
465 3744 582 3821 quidem
594 3743 747 3800 abstinuit:
770 3749 801 3796 ut
815 3748 911 3796 tamen
922 3739 1108 3815 expiarentur

158 3823 323 3900 legatorum
349 3824 464 3900 injuriae
489 3823 623 3900 regisque
644 3821 746 3891 caedes,
769 3817 864 3877 soedus
886 3819 960 3876 inter
984 3817 1107 3875 Romam
