2717 4292
448 295 535 337 naar
554 297 628 338 mr.
669 297 736 340 car.
751 296 836 340 nur.
1072 285 1129 346 163

136 427 232 486 veluti
255 427 378 504 ignarus
401 426 432 482 in
456 436 631 503 praeparatas
655 447 710 486 sua
730 427 832 486 fraude
852 427 971 486 insidias
991 427 1082 488 ducit.

137 505 174 568 ln
194 515 294 564 castra
317 505 452 563 Romana
471 505 619 582 perducti:
641 516 739 564 cetera
759 508 856 566 omnia
876 507 912 566 de
933 507 1085 568 reddendis

138 585 296 655 obsidibus,
318 586 396 641 sicut
415 604 482 642 cum
507 585 627 643 Bostare
648 587 834 644 constitutum
859 596 931 656 erat,
944 597 1010 646 acta
1033 607 1085 666 per

138 664 267 721 eundem
290 663 429 733 ordinem,
455 683 511 740 quo
537 665 563 722 si
591 665 875 741 Carthaginiensium
902 667 1017 724 nomina
1041 667 1084 725 sic

138 754 288 819 ageretur.
332 742 427 818 Major
444 745 592 819 aliquanto
607 744 805 802 Romanorum
824 745 919 821 gratia
933 744 987 803 fuit
1007 747 1037 802 in
1052 752 1113 804 reb

138 823 216 899 pari,
230 841 320 897 quam
331 832 441 896 quanta
455 821 553 879 futura
567 823 851 900 Carthaginiensium
870 823 974 880 fuerat.
1016 823 1085 884 Illos

137 901 229 970 enim,
244 919 350 978 graves
364 901 557 978 superbosque
570 904 601 960 in
622 904 709 962 rebus
724 903 859 962 secundis
873 911 1013 979 expertos,
1029 904 1083 962 for-

138 991 215 1038 tuna
227 990 257 1038 et
278 981 365 1037 timor
384 980 531 1057 mitigasse
545 982 638 1040 videri
659 992 779 1059 poterat.
822 981 972 1040 Romanus
993 984 1085 1059 primo

139 1059 277 1128 adventu,
287 1059 450 1136 incognitus
460 1070 535 1130 ante,
545 1061 581 1117 ab
595 1062 771 1120 reclamanti
785 1058 955 1138 lberalique
970 1062 1084 1120 initium

139 1136 269 1196 fecerat:
290 1148 319 1196 et
339 1139 468 1207 Abelux,
483 1139 528 1196 vir
548 1140 683 1215 prudens,
705 1141 783 1198 haud
804 1139 913 1199 frustra
933 1140 1085 1199 videbatur
1097 1142 1133 1198 10

139 1219 235 1275 socios
263 1226 400 1275 mutasse.
458 1217 559 1294 Itaque
585 1220 696 1295 ingemi
724 1238 866 1278 consensu
894 1217 1084 1278 defectionem

139 1315 242 1353 omnes
256 1306 406 1373 spectare;
429 1315 566 1372 armaque
580 1297 724 1373 extemplo
737 1306 813 1354 mota
827 1297 928 1374 forent,
937 1299 967 1355 ni
982 1297 1083 1369 hiems,

139 1394 209 1450 quae
232 1375 378 1433 Romanos
400 1395 515 1452 quoque
538 1385 567 1434 et
593 1375 846 1452 Carthaginienses
870 1376 1029 1435 concedere
1053 1378 1084 1436 in

139 1463 220 1512 tecta
232 1456 336 1531 coegit,
350 1455 561 1513 intervenisset.

181 1532 293 1592 XXIII.
315 1533 389 1590 Haec
399 1535 429 1590 in
443 1533 587 1609 Hispania
600 1552 714 1609 quoque
727 1531 855 1590 secunda
868 1543 966 1591 aestate
980 1533 1084 1592 Punici
1097 1537 1133 1592 15

139 1612 212 1669 belli
232 1621 323 1689 gesta,
338 1630 406 1669 cum
427 1613 457 1669 iu
474 1611 558 1670 Italia
572 1612 692 1688 paulum
712 1611 857 1669 intervalli
878 1613 1010 1670 cladibus
1027 1611 1082 1670 Ro-

139 1692 236 1748 manis
246 1692 347 1748 sollers
361 1691 507 1749 cunctatio
520 1690 604 1748 Fabii
615 1690 745 1748 fecisset:
766 1709 832 1766 quae
843 1700 874 1749 ut
887 1691 1083 1749 Hannibalem

139 1787 198 1826 non
213 1770 350 1828 mediocri
363 1770 519 1828 sollicitum
533 1787 606 1828 cura
620 1768 751 1838 habebat,
762 1769 877 1828 tandem
892 1789 960 1828 eum
974 1771 1084 1828 militia

139 1849 312 1924 magistrum
327 1848 468 1926 delegisse
490 1848 635 1906 Romanos
648 1858 824 1918 cernentem,
844 1849 895 1925 qui
910 1849 1018 1908 bellurn
1038 1868 1082 1908 ra·

139 1928 227 1998 tione,
242 1946 299 1986 non
319 1927 441 1998 fortuna,
456 1937 578 2004 gereret,
593 1928 633 1984 ita
647 1937 810 2003 contempta
829 1937 892 1986 erat
905 1929 980 1986 inter
993 1929 1082 1998 cives,
1093 1932 1132 1988 20

139 2016 266 2064 armatos
280 2007 387 2083 pariter
407 2016 592 2083 togatosque;
616 2006 715 2081 utique
729 2015 888 2084 postquam,
903 2007 1020 2064 absente
1038 2027 1082 2078 eo,

139 2086 302 2143 temeritate
324 2085 456 2161 magistri
479 2086 619 2161 equitum,
644 2085 711 2142 laeto
731 2086 829 2142 verius
852 2084 974 2142 dixerim
994 2104 1083 2161 quarn

139 2183 277 2241 prospero
290 2173 406 2233 eventu,
421 2174 581 2242 pugnatum
600 2163 704 2227 suerat.
746 2164 943 2222 Accesserant
955 2163 1021 2221 duae
1035 2183 1082 2224 res

139 2243 177 2300 ad
202 2242 366 2320 augendam
389 2244 528 2300 invidiam
551 2243 715 2300 dictatoris:
747 2261 806 2301 una
830 2242 932 2300 frauda
957 2262 992 2301 ac
1017 2243 1082 2302 dolo

139 2321 325 2392 Hannibalis,
353 2321 438 2397 quod,
466 2341 534 2380 cum
559 2341 578 2378 a
604 2320 734 2399 perfugis
761 2322 788 2379 ei
815 2331 988 2380 monstratus
1011 2342 1082 2400 ager
1091 2328 1130 2383 25

140 2400 288 2458 dictatoris
311 2410 395 2470 esset,
416 2401 549 2458 omnibus
572 2400 652 2459 circa
675 2400 736 2458 solo
756 2402 885 2477 aequatis,
908 2401 944 2458 ab
969 2420 1027 2460 uuo
1047 2422 1082 2459 eo

140 2478 252 2536 ferrum
266 2480 421 2556 ignemque
435 2490 464 2538 et
482 2480 541 2536 vim
555 2498 670 2537 omnem
692 2479 817 2536 hostium
832 2479 968 2537 abstineri
985 2481 1080 2556 jussit,

140 2568 172 2616 ut
192 2559 301 2616 occulti
322 2558 447 2634 alicujus
467 2559 543 2634 pacti
565 2577 600 2614 ea
614 2576 727 2614 merces
741 2556 832 2614 videri
855 2566 966 2632 posset3
991 2557 1082 2615 altera

138 2636 232 2714 ipsius
246 2636 330 2706 facto,
352 2639 444 2713 primo
463 2635 580 2695 forsitan
594 2635 690 2705 dubio,
704 2635 773 2712 quia
788 2653 845 2692 non
866 2644 1031 2710 exspectata
1051 2636 1081 2694 in

139 2735 174 2773 eo
187 2726 309 2774 senatus
322 2718 478 2774 auctoritas
490 2725 543 2787 est,
564 2714 600 2773 ad
620 2724 782 2772 extremum
803 2711 881 2771 haud
902 2713 1037 2790 ambigue
1051 2714 1080 2770 in
1092 2717 1130 2773 30

139 2795 298 2852 maximam
321 2794 438 2852 laudern
452 2814 543 2863 verso,
565 2795 595 2851 in
619 2791 816 2869 permutandis
836 2792 975 2868 captivis:
995 2791 1080 2868 quod,

139 2875 216 2931 sicut
237 2874 330 2950 primo
353 2873 463 2932 Punico
486 2873 563 2931 bello
587 2872 697 2930 factum
717 2880 789 2942 erat,
811 2880 983 2929 convenerat
1006 2871 1082 2929 inter

139 2951 231 3010 duces
251 2952 418 3010 Romanum
438 2952 628 3027 Frenumque,
643 2961 685 3020 ut,
699 2969 765 3027 quae
779 2969 846 3027 pars
860 2949 926 3028 plus
939 2951 1081 3028 reciperet

138 3051 228 3108 quam
252 3029 343 3101 daret,
367 3031 479 3108 argenti
503 3031 595 3108 pondo
617 3031 686 3087 bina
710 3039 738 3088 et
762 3031 884 3088 selibras
906 3031 937 3087 in
960 3031 1081 3089 militem

138 3119 299 3186 praestaret
340 3108 488 3168 Ducentos
501 3108 693 3187 quadraginta
707 3118 814 3186 septem
828 3128 897 3167 cum
911 3110 1009 3185 plures
1024 3109 1080 3168 Ro-
1092 3114 1130 3168 35

139 3207 244 3246 manus
258 3207 347 3265 quarn
367 3187 476 3246 Poenus
490 3189 653 3264 recepisset,
668 3198 878 3266 argentumque
899 3207 950 3264 pro
970 3190 1012 3246 eis
1033 3188 1079 3246 de-

139 3267 239 3337 bitum,
254 3287 331 3342 saepe
338 3267 447 3342 jactata
461 3267 491 3323 in
505 3277 606 3326 senatu
621 3285 662 3336 re,
673 3268 809 3343 quoniam
824 3285 880 3324 non
889 3267 1081 3324 consuluisset

139 3356 244 3421 patres,
268 3346 379 3416 tardius
402 3356 579 3422 erogaretur,
605 3346 774 3404 inviolatum
799 3345 835 3401 ab
860 3344 938 3401 hoste
967 3362 1079 3420 agrum,

139 3426 226 3482 misso
248 3424 373 3482 Romam
394 3424 504 3490 Quinto
522 3425 590 3495 filio,
615 3424 743 3482 vendidit
766 3422 909 3498 fidemque
934 3422 1081 3498 publicam

138 3503 284 3580 impendio
298 3505 409 3578 privato
422 3503 553 3560 exsolvit.
1091 3503 1129 3560 40
1184 3523 1187 3528 ·

178 3581 327 3639 Hannibal
356 3600 406 3657 pro
434 3581 553 3639 Geronii
579 3581 733 3650 moenibus,
758 3578 844 3653 cujus
871 3578 961 3648 urbis,
989 3587 1080 3655 captae
1108 3585 1113 3594 '

139 3670 225 3735 atque
239 3662 366 3719 incensae
380 3660 417 3717 ab
430 3680 470 3729 se,
485 3661 515 3716 in
530 3678 617 3717 usum
633 3660 802 3716 horreorum
816 3675 911 3733 pauca
925 3657 1079 3735 reliquerat

139 3749 224 3810 tecta,
238 3740 270 3797 in
290 3739 401 3797 stativis
414 3748 486 3796 erat.
528 3738 597 3796 Inde
619 3737 826 3795 frumentatum
846 3734 919 3793 duas
935 3736 1081 3795 exercitus

137 3827 236 3896 partes
249 3819 399 3892 mittebat3
422 3837 491 3876 oum
504 3818 590 3876 tertia
602 3817 664 3894 ipse
686 3815 818 3894 expedita
831 3815 861 3873 in
874 3815 994 3876 statione
1008 3825 1080 3901 erat,
