2717 4292
210 301 269 383 172
626 331 685 372 rrrr
707 331 780 375 nrvn

257 465 387 526 favorem
407 462 560 522 candidato
579 480 633 521 suo
647 461 839 520 conciliabat:
863 461 899 518 ab
913 460 1080 518 bominibus
1101 459 1207 518 nobili-

257 545 321 613 bus,
332 562 385 620 per
397 543 504 600 multos
518 560 608 599 annos
622 541 732 598 bellum
744 541 948 618 quaerentibus,
961 539 1161 597 Hannibalem
1175 542 1208 600 in

257 621 371 682 ltaliam
386 621 562 693 adductum;
585 621 621 677 ab
635 619 746 688 iisdem,
759 639 827 677 curn
839 619 979 676 debellari
994 621 1090 695 possit,
1103 618 1208 678 fraude

258 703 368 760 ballum
382 701 475 760 trahi:
496 719 565 757 oum
580 709 715 776 quattuor
735 700 898 776 legionibus
920 699 1064 756 universis
1078 701 1209 776 pugnari

230 787 340 859 bposse
364 769 597 858 apparuisse'eo,
617 778 693 853 quod
717 777 758 834 M.
786 777 943 848 Minucius,
963 778 1079 835 absente
1103 778 1207 849 Fabio,

258 878 394 936 prospere
416 867 591 936 pugnasset3
613 857 687 914 duas
707 857 837 933 legiones
851 857 924 914 hosti
946 858 982 914 ad
1003 857 1113 914 oaedem
1127 859 1208 935 obje-

258 951 330 1008 aas,
350 938 453 995 deinde
475 956 510 994 ex
528 937 590 1013 ipsa
612 936 691 994 caede
713 949 835 1012 ereptas,
856 946 887 993 ut
910 946 991 1012 pater
1008 947 1207 1014 patronusque

258 1019 462 1095 appellaretur,
473 1017 523 1092 qui
535 1017 615 1091 prius
625 1016 744 1072 vincere
757 1016 948 1092 prohibuisset
959 1015 1105 1074 Romanos
1116 1037 1205 1092 quam

258 1098 354 1155 vinci:
378 1097 513 1154 consules
534 1094 638 1152 deinde
660 1094 799 1152 Fabianis
823 1095 941 1164 artibus,
965 1114 1033 1152 cum
1056 1095 1204 1154 debellare

212 1179 248 1236 10
258 1185 381 1253 possent,
403 1175 512 1232 bellum
534 1175 673 1232 traxisse:
702 1172 731 1230 id
755 1172 849 1230 foedus
871 1175 948 1232 inter
969 1193 1067 1232 omnes
1092 1175 1205 1232 nobiles

257 1256 347 1314 ictum
359 1275 368 1329 ς
395 1274 450 1312 neo
474 1255 563 1310 finem
586 1263 651 1310 ante
676 1252 745 1310 belli
767 1253 923 1322 habituros,
944 1271 1031 1328 quam
1053 1255 1205 1312 consulem

258 1352 327 1392 vere
352 1334 507 1408 plebeium,
526 1332 555 1390 id
578 1342 622 1390 est
644 1331 790 1390 bominem
812 1351 929 1402 novum,
951 1331 1102 1390 fecissent:
1134 1352 1205 1391 narn

258 1413 385 1490 plebeios
404 1413 517 1470 nobiles
537 1413 600 1487 jam
619 1411 727 1469 eisdem
748 1412 873 1468 initiatos
894 1431 957 1468 esse
978 1413 1070 1468 sacris
1089 1421 1117 1469 et
1136 1431 1204 1470 oon-

258 1502 388 1550 temnere
408 1492 530 1568 plebem,
545 1510 582 1549 ex
596 1510 654 1567 quo
668 1491 813 1548 contemni
834 1491 965 1566 patribus
981 1490 1128 1561 desierint,
1144 1511 1204 1550 coe-

211 1572 352 1649 15pissc:
373 1572 423 1629 cui
443 1590 500 1628 non
520 1570 550 1628 id
571 1588 719 1646 apparere,
734 1569 762 1626 id
784 1579 884 1626 actum
905 1578 933 1626 ct
953 1571 1107 1645 quaesitum
1128 1589 1204 1642 esse,

259 1660 291 1708 ut
308 1651 417 1707 interra
459 1668 509 1706 um
531 1649 663 1718 iniretur,
686 1659 718 1707 ut
738 1649 768 1706 in
790 1658 904 1725 patrum
927 1658 1064 1724 potestate
1088 1651 1206 1708 comitia

258 1728 377 1786 essenti
417 1667 607 1785 Mcousules
621 1729 720 1785 ambos
742 1727 777 1785 ad
799 1727 958 1785 exercitum
974 1729 1113 1786 morando
1125 1749 1204 1806 qnae·

258 1808 348 1878 aisse;
370 1805 400 1864 id
422 1815 528 1883 postea,
543 1807 613 1882 quia
633 1807 731 1864 invitis
751 1808 788 1864 iis
808 1807 931 1864 dictator
949 1817 1025 1864 esset
1045 1808 1140 1865 dictus
1157 1828 1204 1867 oo-

258 1887 405 1944 mitiorum
418 1905 518 1956 causa,
533 1896 733 1962 expugnatum
748 1906 820 1957 csse,
837 1897 867 1944 ut
883 1887 1002 1944 vitiosus
1016 1886 1138 1946 dictator
1153 1907 1205 1964 per

134 2013 140 2022 .
209 1972 248 2028 20
259 1985 387 2044 augures
400 1965 500 2023 fieret:
522 1966 629 2022 habere
651 1966 741 2040 igitur
760 1967 960 2042 interregnum
981 1984 1048 2038 eos3
1070 1968 1204 2024 consula.

257 2055 320 2104 tum
335 2064 427 2103 unum
447 2055 526 2103 certe
547 2044 639 2121 plebis
654 2044 794 2102 Romana
814 2065 895 2102 esse:
918 2045 1057 2122 populum
1078 2046 1205 2104 liberum

258 2125 427 2182 habiturum
448 2143 484 2181 ac
505 2125 641 2181 daturum
662 2125 698 2194 ei,
715 2125 764 2201 qui
785 2125 879 2201 magis
893 2143 962 2182 vere
977 2125 1094 2182 vincere
1114 2143 1205 2201 quarn

257 2203 308 2259 diu
323 2205 466 2276 imperare
482 2203 572 2260 malit.

299 2280 425 2338 XXXV.
447 2280 524 2338 Cum
538 2281 583 2338 his
597 2281 773 2339 orationibus
785 2301 909 2340 accensa
920 2282 1001 2359 plebs
1015 2293 1098 2352 esset,
1109 2285 1205 2342 tribus

208 2366 247 2420 25
259 2360 387 2438 patriciis
401 2360 572 2435 petentibus,
588 2360 620 2417 P.
636 2360 772 2418 Cornelio
787 2360 934 2430 Merenda,
951 2361 988 2419 L.
1005 2361 1114 2420 Manlio
1128 2363 1204 2420 Vul-

171 2442 173 2445 ’
257 2460 335 2510 sone,
351 2439 393 2496 M.
409 2438 529 2496 AEmilio
540 2438 661 2516 Lepido,
673 2439 785 2497 duobus
797 2441 939 2498 nobilibus
950 2441 1012 2518 jam
1025 2440 1204 2500 familiarum

257 2519 360 2598 plebei,
374 2518 409 2578 C.
425 2518 517 2575 Atilio
537 2518 662 2576 Serrano
683 2530 712 2577 et
730 2519 769 2585 Q.
786 2519 864 2577 AElio
884 2519 969 2590 Paeto,
984 2539 1108 2595 quorum
1129 2521 1206 2579 alter

257 2598 394 2678 pontifex,
409 2597 484 2655 alter
498 2617 594 2675 augur
608 2607 679 2668 erat,
691 2598 726 2656 C.
743 2598 900 2656 Terentius
915 2601 1014 2656 consul
1031 2619 1108 2658 unus
1122 2619 1204 2658 crea-

256 2688 314 2750 tur,
338 2688 371 2736 ut
393 2679 424 2735 in
448 2696 537 2734 manu
562 2678 626 2753 ejus
656 2688 753 2736 essent
776 2679 894 2735 comitia
918 2674 1046 2754 rogando
1070 2680 1203 2758 collegae.

208 2761 246 2816 80
258 2759 338 2816 Tum
351 2766 470 2833 experta
484 2757 626 2826 nobilitas,
643 2775 747 2833 parum
766 2755 856 2814 fuisse
872 2758 978 2814 virium
993 2756 1023 2816 in
1038 2761 1204 2836 competito-

257 2838 337 2892 ribus
350 2837 424 2910 ejus,
436 2834 473 2893 L.
489 2834 643 2893 AEmilium
653 2836 789 2906 Paulum,
800 2838 850 2912 qui
861 2856 929 2894 cum
942 2836 983 2893 M.
1000 2837 1085 2895 Livio
1101 2838 1204 2896 consul

257 2913 353 2970 fuerat
379 2922 408 2970 et
435 2912 619 2972 damnatione
650 2915 773 2993 collegae
800 2926 828 2973 et
856 2935 909 2973 sua
937 2936 1023 2993 prope
1053 2918 1205 2976 ambustus

256 3000 397 3061 evaserat,
412 2991 550 3049 infestum
571 2993 674 3069 plebei,
690 2995 740 3052 diu
761 3014 796 3052 ac
816 2995 940 3052 multum
955 3005 1151 3066 recusantem,
1167 2997 1205 3055 ad

256 3071 421 3147 petitionem
431 3071 593 3147 compellit:
614 3073 640 3129 is
654 3075 784 3148 proximo
801 3075 939 3132 comitiali
953 3075 1008 3145 die,
1020 3076 1203 3134 concedenti-

211 3151 247 3207 35
257 3150 311 3209 bus
324 3151 467 3220 omnibus,
482 3151 533 3226 qui
553 3169 622 3208 cum
637 3151 769 3210 Varrone
790 3163 982 3224 certaverant,
998 3172 1051 3230 par
1064 3156 1159 3233 magis
1173 3157 1205 3214 in

257 3228 469 3289 adversandum
482 3249 570 3306 quam
584 3230 698 3308 collega
712 3232 797 3290 datur
814 3233 936 3290 consuli.
979 3233 1050 3291 Inde
1069 3235 1205 3310 praetoria

256 3310 374 3368 comitia
385 3309 500 3366 habita:
522 3312 613 3368 creati
629 3309 682 3368 Μ’.
699 3311 873 3389 Pomponius
888 3311 986 3370 Matho
1000 3323 1028 3370 et
1043 3312 1075 3369 P.
1092 3312 1205 3372 Furius

256 3387 374 3447 Philus:
396 3389 479 3447 Philo
493 3388 594 3447 Rornae
612 3390 673 3466 juri
683 3383 819 3448 'dicundo
835 3392 946 3448 urbana
960 3411 1030 3460 sors,
1046 3391 1205 3468 Pomponio

255 3469 331 3527 inter
344 3470 424 3526 cives
437 3468 583 3526 Romanos
597 3479 625 3526 et
639 3471 806 3547 peregrinos
820 3472 934 3528 evenit:
957 3471 1044 3528 additi
1059 3470 1117 3528 duo
1132 3491 1204 3548 prue-

207 3551 340 3618 totores,
357 3547 398 3604 M.
420 3547 562 3606 Claudius
584 3547 744 3606 Marcellus
764 3550 794 3605 in
816 3549 956 3618 Siciliam,
975 3548 1012 3607 L.
1036 3549 1204 3610 Postumius

256 3626 384 3684 Albinus
397 3627 427 3684 in
444 3626 590 3684 Galliam:
612 3647 711 3684 omnes
726 3629 858 3686 absentes
873 3630 1054 3698 ereati'sunt,
1069 3647 1125 3687 neo
1141 3630 1193 3687 eui

253 3723 342 3779 quam
355 3717 459 3762 eorum
468 3717 573 3782 praeter
586 3707 759 3764 Terentium
774 3707 922 3764 consulem
937 3707 1090 3765 mandatus
1102 3709 1204 3780 bonos,

253 3801 342 3857 quem
359 3783 422 3857 jam
441 3802 499 3840 non
513 3794 599 3842 antea
619 3787 765 3862 gessisset,
781 3787 933 3861 praeteritis
948 3788 1058 3862 aliquot
1079 3785 1206 3848 fortibus

253 3875 291 3916 ac
303 3861 428 3918 auanuia
441 3862 521 3932 viria,
536 3864 606 3940 quia
619 3865 649 3921 iu
668 3865 722 3922 tali
734 3874 862 3943 tempore
882 3864 974 3924 nullis
995 3884 1089 3925 novus
1110 3869 1203 3947 magi·
