2717 4292
486 298 574 341 aman
593 298 668 339 1111.
709 297 776 339 oar.
790 298 847 339 vn.
1100 278 1159 342 149

167 432 240 505 est,”
257 430 531 509 popularibussuis,
546 436 565 467 “
573 430 624 506 qui
637 429 767 506 legiones
776 440 889 487 nostras
896 428 1003 488 cecidit
1016 448 1113 507 egros-

113 570 117 577 ,
167 530 224 587 que
239 521 270 569 et
291 511 394 567 urbem
415 519 458 567 est
479 509 685 586 depopulatus!
725 508 791 566 Jam
806 510 951 586 egohane
965 510 1114 566 victimam

168 589 307 647 Manibus
332 598 545 665 peremptorum
569 589 644 647 foede
664 590 774 646 civium
793 588 907 645 dabo:''
936 588 1115 664 subditisque

168 670 337 727 calcaribus
357 688 441 745 equo,
456 687 508 744 per
529 667 768 726 confertissimam
789 668 913 725 hostium
933 669 1048 725 turbam
1062 669 1114 723 irn-

169 758 269 825 petum
284 746 374 821 faeit3
398 749 623 823 obtruncatoque
638 748 719 822 prius
733 747 886 823 armigero,
900 748 951 823 qui
967 767 999 803 se
1012 745 1145 804 infestos

168 828 298 885 venienti
326 828 441 884 obviarn
468 827 622 902 objecerat,
651 827 801 883 consulem
829 826 933 882 lancea
960 826 1114 883 transfixit.

169 907 301 983 Spoliare
317 908 482 982 cupientem
497 906 589 962 triarii
604 906 725 981 objectis
737 906 829 962 scutis
843 923 976 962 arcuere.
1000 904 1115 982 Magnae

170 988 260 1063 partis
284 983 357 1061 fuga
377 985 443 1042 inde
469 986 593 1061 primum
617 986 720 1060 coepit:
750 995 779 1042 et
799 984 862 1060 jam
882 1002 937 1041 nec
957 984 1042 1041 lacus
1062 1002 1117 1041 uec

171 1075 283 1122 montes
306 1065 406 1140 pavori
427 1064 586 1121 obstabant.
628 1064 686 1121 Per
708 1065 805 1121 omnia
829 1073 892 1121 arta
912 1073 1115 1141 praeruptaque

171 1144 253 1209 velut
268 1142 341 1201 saeci
356 1142 490 1213 evadunt,
507 1161 646 1219 armaque
661 1152 690 1199 et
704 1144 759 1200 viri
773 1161 862 1219 super
875 1141 966 1199 aliurn
980 1142 1031 1199 alii
1045 1161 1117 1218 prae·
1129 1142 1166 1200 10

171 1223 341 1298 cipitantur.
383 1222 455 1279 Pars
468 1240 584 1298 magna,
600 1223 650 1279 ubi
666 1223 750 1279 loeus
764 1220 842 1299 fugae
856 1222 945 1292 deest,
960 1240 1011 1297 per
1025 1222 1118 1297 prima

172 1301 248 1358 vada
262 1301 377 1378 paludis
397 1302 551 1377 inaquam
572 1301 724 1378 progressi,
740 1299 834 1376 quoad
854 1301 999 1375 capitibus
1017 1301 1118 1358 hume·

172 1382 270 1455 risque
292 1389 405 1437 exstare
426 1390 552 1457 possunt,
574 1399 638 1436 sese
658 1380 849 1455 immergunt:
871 1377 962 1449 fuere,
983 1398 1056 1455 quos
1075 1381 1118 1438 in·

171 1459 324 1518 consultus
345 1478 433 1535 pavor
454 1458 548 1516 nando
562 1459 649 1515 etiarn
671 1476 820 1533 capessere
842 1456 942 1533 fugam
962 1457 1118 1533 impulerit,

171 1558 239 1615 quae
254 1538 305 1595 ubi
319 1539 459 1595 immensa
475 1558 509 1595 ac
523 1539 585 1595 sine
596 1557 646 1613 spe
656 1546 727 1606 erat,
738 1547 789 1594 aut
802 1535 1001 1594 deficientibus
1016 1536 1120 1593 animis
1131 1539 1169 1595 15

172 1618 383 1676 hauriebantur
401 1618 575 1694 gurgitibus,
592 1626 642 1674 aut
661 1615 857 1692 nequidquam
873 1614 941 1673 fessi
956 1615 1030 1673 vada
1044 1625 1120 1672 retro
1172 1664 1178 1672 f

172 1697 325 1775 aegerrime
336 1697 511 1774 repetebant,
521 1706 607 1772 atque
622 1696 662 1752 ihi
677 1696 714 1752 ab
727 1696 866 1772 ingressis
875 1714 980 1771 aquam
995 1695 1120 1751 hostium

172 1777 320 1852 equitibus
334 1778 441 1853 passim
461 1776 692 1833 trucidabantur.
734 1775 794 1832 Sex
808 1775 901 1831 millia
922 1773 1013 1832 ferme
1034 1774 1120 1849 primi

173 1856 308 1929 agminis,
337 1874 389 1932 per
417 1855 553 1912 adversos
580 1856 674 1911 hostes
702 1856 850 1931 eruptione
878 1854 1000 1930 impigre
1033 1852 1118 1923 facta,

172 1935 270 2011 ignari
288 1936 427 2004 omnium,
443 1953 509 2009 quae
529 1944 590 2011 post
610 1954 641 1990 se
657 1944 821 2010 agerentur,
836 1952 873 1990 ex
894 1934 970 1991 saltu
991 1951 1119 2002 evasere,
1129 1936 1170 1991 20

173 2023 295 2083 etcum
316 2014 346 2071 in
367 2013 479 2071 tumulo
500 2013 625 2089 quodam
639 2014 841 2082 constitissent,
859 2012 1017 2069 clamorem
1038 2012 1120 2069 modo

174 2111 210 2149 ac
224 2112 329 2149 sonum
350 2112 496 2149 armorum
515 2092 673 2162 audientes,
688 2111 755 2169 quae
776 2091 890 2148 fortuna
910 2109 1016 2167 pugnae
1036 2101 1120 2160 esset,

173 2190 270 2248 neque
291 2172 367 2229 scire
388 2191 443 2230 nee
465 2172 628 2249 perspicere
653 2190 714 2248 prae
733 2171 871 2246 ealligine
893 2179 1032 2246 poterant.
1074 2169 1120 2227 In-

173 2251 284 2308 clinata
298 2250 422 2326 denique
441 2270 482 2321 re,
498 2270 567 2308 cum
587 2251 782 2308 incalescente
796 2250 856 2307 sole
872 2249 1000 2325 dispulsa
1014 2248 1121 2306 nebula

174 2330 337 2406 aperuisset
357 2330 442 2399 diem,
458 2339 520 2387 turn
540 2330 650 2406 liquida
668 2330 728 2405 jam
750 2330 818 2387 luce
837 2341 947 2386 montes
968 2330 1121 2404 campique
1131 2332 1171 2386 25

174 2409 302 2484 perditas
316 2427 363 2465 res
376 2418 553 2484 stratamque
567 2409 716 2465 ostendere
738 2408 813 2465 soede
835 2408 997 2465 Murenam
1016 2408 1120 2464 aciem.

174 2486 287 2565 ltaque,
302 2507 340 2544 ne
354 2489 384 2544 in
399 2498 566 2567 conspectos
580 2487 680 2563 procul
696 2488 899 2543 immitteretur
911 2505 1010 2561 eques,
1025 2486 1121 2541 subla-

174 2568 211 2624 tis
233 2567 347 2643 raptim¹
359 2567 458 2643 signis,
474 2586 561 2643 quarn
579 2567 748 2622 citatissimo
769 2573 898 2640 poterant
918 2564 1043 2638 agmine,
1058 2583 1122 2620 sese

175 2646 377 2722 abripuerunt.
433 2645 549 2703 Postero
576 2644 631 2714 die,
661 2662 730 2700 oum
757 2660 845 2717 super
868 2651 966 2699 cetera
993 2652 1123 2697 extrema

175 2722 269 2782 fames
292 2726 380 2782 etiam
402 2726 530 2795 instaret,
558 2723 645 2780 fidem
667 2722 752 2779 dante
772 2720 952 2791 Maharbale,
980 2721 1031 2795 qui
1055 2725 1172 2780 cum30

175 2805 311 2861 omnibus
325 2805 507 2880 equestribus
521 2804 611 2880 copiis
625 2811 709 2859 nocte
723 2810 897 2858 consecutus
910 2810 981 2871 erat,
995 2800 1021 2856 si
1042 2818 1124 2856 arma

175 2883 370 2955 tradidissent,
384 2884 462 2941 abire
474 2902 543 2941 cum
556 2882 680 2958 singulis
691 2880 869 2939 vestimentis
885 2898 1047 2956 passurum,
1059 2898 1124 2937 sese

176 2962 363 3021 dediderunt}
386 2981 451 3039 quae
465 2962 577 3020 Punica
591 2961 731 3038 religione
745 2958 859 3019 servata
875 2960 947 3035 fides
961 2960 997 3018 ab
1011 2959 1123 3019 Hanni·

177 3042 243 3099 bale
258 3051 311 3113 est,
327 3051 413 3117 atque
427 3042 457 3098 in
472 3042 500 3099 vi
505 3041 591 3099 ricula
604 3059 704 3098 omnes
718 3042 851 3117 conjecit.

216 3120 286 3180 VII.
319 3119 393 3179 Haec
417 3131 461 3179 est
487 3121 591 3178 nobilis
615 3120 652 3177 ad
679 3120 886 3179 Trasimenum
914 3139 1012 3197 pugna
1037 3124 1173 3195 atque3d

178 3198 253 3258 inter
268 3220 378 3277 paucas
392 3210 551 3259 memorata
565 3200 662 3276 populi
676 3199 801 3258 Romani
815 3198 923 3257 clades.
947 3197 1124 3263 Quindecim

178 3280 270 3337 millia
299 3279 498 3338 Romanorum
525 3281 555 3336 in
583 3280 645 3336 acie
673 3298 750 3337 caesa
777 3289 860 3336 sunt:
896 3277 998 3334 decem
1023 3276 1123 3345 millia,

178 3378 278 3435 sparsa
288 3358 360 3435 suga
370 3378 542 3436 peromnem
557 3358 717 3428 Etruriam,
729 3358 851 3416 diversis
861 3356 1012 3412 itineribus
1021 3353 1124 3411 urbem

179 3439 305 3514 petiere:
327 3438 384 3495 duo
395 3440 488 3496 millia
498 3438 649 3515 quingenti
660 3438 785 3495 bostium
799 3436 829 3491 in
843 3436 916 3503 acie,
929 3434 1012 3490 multi
1027 3443 1124 3508 postea

180 3518 326 3593 utrimque
341 3536 377 3575 ex
392 3518 563 3575 vulneribus
584 3518 707 3591 periere.
750 3513 903 3589 Multiplex
917 3512 1012 3570 caedes
1026 3512 1124 3569 utrim-
1134 3518 1173 3573 40

179 3614 235 3671 que
257 3596 336 3655 sacta
356 3597 479 3654 traditur
500 3597 536 3654 ab
557 3597 641 3653 aliis:
664 3614 727 3671 ege,
746 3602 936 3670 praeterquam
957 3590 1033 3667 quod
1052 3590 1125 3649 nihil

180 3673 316 3733 haustum
338 3694 374 3733 ex
389 3694 464 3734 vano
484 3676 581 3745 velim,
599 3693 657 3750 quo
676 3674 764 3729 nimis
783 3672 924 3728 inclinant
944 3670 1035 3727 ferme
1055 3671 1125 3728 seri·

180 3752 309 3812 bantium
324 3755 423 3825 animi,
435 3754 560 3813 Fabium
574 3752 717 3829 aequalem
731 3751 906 3827 temporibus
919 3749 1042 3827 hujusce
1057 3749 1127 3808 belli

182 3834 361 3911 potissimum
386 3843 534 3893 auctorem
555 3832 654 3891 habui.
696 3830 844 3890 Hannibal
865 3830 1055 3909 captivorum,
1075 3828 1127 3907 qui
