2717 4292
190 264 246 326 110
615 270 673 313 rrr1
695 270 770 312 arrrr

237 405 299 483 ipso
321 403 450 463 terrestri
475 421 527 482 per
550 402 737 480 Hispaniam·
750 401 921 479 Galliasque
945 400 1050 459 itinere
1071 398 1188 462 Italiam

236 494 354 564 peteret,
369 484 449 541 nuda
468 493 625 562 apertaque
646 482 787 541 &manis
807 479 914 539 Africa
927 480 964 538 ab
983 478 1086 538 Sicilia
1100 491 1185 553 esset,

235 564 331 623 valido
352 564 484 642 praesidio
505 564 622 621 firmare
636 582 703 621 eam
716 562 826 621 statuit.
869 560 926 618 Pro
946 580 981 618 eo
1000 559 1184 638 supplemeu·

235 655 297 703 tum
319 644 379 721 ipse
400 663 437 701 ex
459 643 573 714 Africa,
589 643 715 701 maxime
732 641 939 719 jaculatorum,
954 639 1065 698 levium
1086 642 1185 713 armis,

205 724 323 802 aperiit,
340 734 372 782 ut
386 724 455 782 Asri
475 724 506 781 in
520 722 673 800 Hispania,
689 723 720 780 in
735 720 840 780 Africa
853 719 988 797 Hispani,
1004 719 1107 778 melior
1120 740 1184 798 pro·

223 804 284 863 'cul
299 804 335 861 ab
349 803 433 863 domo
447 802 563 863 futurus
578 813 700 881 uterque
721 802 814 872 miles,
829 800 910 859 velut
930 800 1040 858 mutuis
1058 801 1184 879 pignori-

234 883 289 941 bus
311 883 431 961 obligati
452 882 594 962 stipendia
617 882 756 941 facerent.
799 880 957 939 Tredecim
979 880 1072 937 millia
1092 881 1184 939 octin.
1279 901 1281 903 v

254 974 334 1021 entos
347 963 560 1041 quinquaginta
580 962 691 1039 pedites
708 970 833 1021 cetratos
853 960 930 1019 misit
949 960 981 1017 in
995 958 1140 1030 Africam,
1155 970 1185 1021 et

233 982 393 1102 lunditores
406 1042 546 1101 Baleares
556 1043 736 1121 octingentos
749 1040 942 1118 septuaginta,
954 1039 1066 1117 equites
1080 1040 1184 1099 mixtos

187 1127 223 1186 1⁰
233 1141 270 1180 ex
293 1122 392 1180 multis
414 1124 548 1200 gentibus
570 1122 650 1181 mille
672 1122 822 1180 ducentos.
847 1118 930 1191 ,Has
954 1119 1052 1196 copias
1077 1120 1184 1197 partim

233 1200 403 1279 Carthagini
430 1202 563 1280 praesidio
587 1222 660 1271 esse,
684 1201 790 1279 partim
814 1199 947 1257 distribui
971 1217 1024 1276 per
1047 1197 1184 1258 Africam

229 1280 323 1357 jubet.
364 1282 460 1341 Simul
481 1282 725 1357 conquisitoribus
745 1281 776 1338 in
790 1280 923 1338 civitates
938 1279 1034 1337 missis
1047 1289 1185 1356 quattuor

233 1360 326 1419 millia
340 1363 503 1438 conscripta
517 1361 638 1420 delectae
648 1360 820 1438 juventutis,
835 1358 1003 1435 praesidium
1023 1359 1140 1417 eosdem
1154 1370 1183 1418 et

233 1440 355 1512 obsides,
375 1441 444 1501 duci
464 1442 672 1521 Carthaginem
693 1441 786 1518 jubet.
830 1437 926 1497 XXII.
949 1438 1056 1517 Neque
1077 1438 1182 1517 Hispa-

185 1521 312 1583 15niam
332 1522 538 1599 negligendam
559 1532 650 1592 ratus,
671 1531 759 1598 atque
789 1519 853 1577 ideo
877 1518 956 1577 haud
979 1518 1086 1595 minus,
1106 1518 1182 1595 quod

232 1600 310 1658 haud
324 1602 445 1679 ignarus
458 1610 521 1659 erat
535 1602 721 1660 circumitam
741 1600 778 1658 ab
792 1599 933 1658 Romanis
946 1617 1012 1656 eam
1027 1598 1131 1675 legatis
1146 1598 1184 1657 ad
1226 1656 1232 1664 ,

232 1680 427 1739 sollicitandos
454 1681 619 1758 principum
647 1680 768 1751 animos,
797 1677 976 1737 Hasdrubali
1005 1677 1096 1755 fratri,
1119 1680 1184 1737 viro

231 1759 363 1836 impigro,
379 1779 444 1817 eam
466 1760 644 1837 provinciam
665 1759 798 1830 destinat,
812 1760 967 1835 firmatque
986 1777 1055 1816 eum
1069 1756 1184 1819 Africis

231 1840 358 1895 maxime
386 1839 536 1916 praesidiis,
562 1839 692 1916 pediturn
719 1837 860 1897 Afrorum
888 1837 1024 1896 undecim
1052 1838 1183 1913 millibus

181 1922 221 1981 20
231 1918 404 1995 octingentis
424 1919 644 1997 quinquaginta,
666 1916 828 1996 Liguribus
848 1918 994 1989 trecentis,
1009 1916 1183 1978 Balearibus

230 1998 408 2076 quingentis.
451 1998 501 2056 Ad
515 1999 578 2057 haec
593 1998 721 2076 peditum
735 1998 847 2056 auxilia
861 1997 950 2055 additi
963 1999 1076 2075 equites
1090 1997 1182 2074 Liby-

231 2078 545 2154 phaenices-mixtum
567 2077 714 2137 Punicum
728 2076 812 2137 Afris
832 2076 1182 2157 genus-*quadringenti

230 2167 260 2215 et
273 2156 304 2215 N
306 2157 412 2215 umidae
434 2156 589 2235 Maurique
604 2159 714 2217 accolae
728 2156 840 2216 Oceani
854 2156 890 2214 ad
912 2157 992 2215 mille
1012 2157 1182 2235 octingenti,

230 2245 260 2295 et
272 2254 363 2311 parva
374 2236 534 2315 Ilergetum
548 2257 652 2296 manus
665 2256 703 2295 ex
714 2236 866 2315 Hispania,
878 2236 996 2295 ducenti
1010 2237 1131 2314 equites,
1143 2248 1181 2309 et,

180 2322 220 2377 25
230 2333 267 2373 ne
281 2316 351 2391 quid
364 2318 508 2375 terrestris
522 2316 634 2376 deesset
648 2317 751 2381 auxilii
764 2335 867 2395 genus,
876 2317 1022 2394 elephanti
1032 2326 1181 2394 quattuor-

230 2395 336 2453 decim.
377 2396 486 2455 Classis
514 2407 654 2474 praeterea
681 2395 750 2455 data
777 2396 813 2455 ad
841 2396 976 2454 tuendam
1005 2397 1182 2455 maritimam

229 2494 320 2547 oram,
334 2476 413 2553 quia,
428 2496 488 2554 qua
508 2487 589 2555 parte
610 2476 680 2535 belli
701 2477 841 2554 vicerant,
855 2495 892 2534 ea
912 2485 975 2534 tum
988 2495 1104 2554 quoque
1119 2496 1181 2535 rem

230 2566 363 2633 gesturos
388 2555 534 2615 Romanos
556 2556 638 2615 credi
661 2565 781 2634 poterat,
805 2556 1018 2634 quinquaginta
1039 2557 1181 2634 quinque·

231 2653 334 2708 remes,
359 2635 560 2713 quadriremes
584 2636 659 2707 duae,
685 2636 819 2694 triremes
845 2636 993 2713 quinque:
1028 2636 1080 2694 sed
1107 2647 1182 2714 aptae

183 2715 436 2793 constructaque
458 2718 579 2794 remigio
592 2716 711 2796 triginta
731 2725 760 2774 et
780 2715 846 2774 duae
860 2715 1084 2793 quinqueremes
1098 2728 1181 2775 erant

230 2804 259 2855 et
272 2796 406 2853 triremes
419 2796 559 2872 quinque.

270 2873 320 2931 Ab
342 2872 474 2933 Gadibus
494 2874 704 2953 Carthaginem
723 2874 760 2933 ad
784 2875 906 2933 hiberna
926 2875 1074 2933 exercitus
1095 2875 1179 2935 redit.

230 2946 330 3027 Atque
344 2951 411 3009 inde
425 2952 570 3030 profectus
593 2962 697 3031 praeter
713 2954 879 3013 Etovissam
893 2955 997 3013 urbem
1011 2955 1047 3012 ad
1061 2954 1180 3014 Iberum

230 3032 463 3107 maritimamque
477 3051 559 3093 oram
574 3034 666 3091 ducit.
708 3033 753 3092 lbi
774 3034 853 3092 fama
866 3044 910 3093 est
923 3035 955 3093 in
970 3036 1069 3111 quiete
1083 3036 1179 3094 visum

184 3116 221 3173 85
231 3110 268 3168 ab
282 3130 316 3168 eo
324 3110 465 3187 juvenem
479 3112 577 3173 divina
587 3114 695 3190 specie,
705 3114 757 3190 qui
770 3134 803 3173 se
814 3114 851 3171 ab
864 3112 937 3173 Jove
951 3114 1061 3173 diceret
1075 3114 1180 3174 ducem

230 3190 261 3248 in
275 3189 389 3249 ltaliam
411 3190 571 3251 Hannibali
591 3194 730 3252 missum:
752 3194 870 3271 proinde
889 3203 1070 3272 sequeretur,
1084 3213 1180 3272 neque

231 3289 356 3349 usquam
370 3291 388 3329 a
400 3290 432 3330 se
446 3272 613 3332 deflecteret
620 3274 732 3333 oculos.
761 3272 902 3332 Pavidum
917 3275 1018 3352 primo,
1034 3293 1180 3351 nusquam

230 3351 515 3429 circumspicientem
530 3363 581 3412 aut
602 3355 812 3432 respicientem,
827 3363 970 3426 secutum,
985 3353 1089 3413 deinde
1105 3373 1179 3413 cura

231 3431 339 3509 ingenii
364 3433 493 3505 humani,
512 3452 597 3506 cum,
622 3434 761 3511 quidnam
786 3433 815 3491 id
839 3444 916 3493 esset
935 3433 1012 3511 quod
1034 3435 1180 3511 respicere

182 3514 221 3569 40
232 3513 337 3569 vetitus
351 3522 435 3585 esset,
451 3514 575 3591 agitaret
596 3515 701 3585 animo,
720 3523 884 3590 ‚temperare
905 3514 1000 3573 oculis
1013 3514 1180 3590 nequivisse

231 3610 300 3648 eum
310 3611 329 3648 :¹
339 3592 445 3651 vidisse
466 3603 528 3670 post
547 3613 611 3653 sese
625 3603 789 3671 serpentem
803 3595 877 3652 mira
893 3593 1095 3673 magnitudine
1111 3611 1180 3651 cum

232 3670 342 3746 ingenti
358 3673 494 3730 arborum
509 3692 544 3731 ac
558 3673 751 3752 virgultorum
771 3684 830 3732 stra
852 3693 869 3731 e
883 3672 963 3744 ferri,
979 3693 1014 3731 aa
1028 3683 1091 3750 post
1105 3672 1179 3731 inse·

231 3750 283 3825 qui
312 3768 380 3807 cum
404 3751 518 3828 fragore
543 3753 608 3811 caeli
631 3754 774 3811 nimbum.
830 3694 919 3826 l'um,
943 3771 1010 3831 qum
1030 3752 1123 3813 moles
1144 3771 1180 3811 ea

231 3826 338 3900 quidve
352 3830 474 3907 prodigii
489 3841 573 3904 esset,
587 3843 767 3911 quaerentem
781 3832 896 3893 audisse
910 3834 1074 3894 vastitatem
1087 3830 1182 3913 ltallae
