2717 4292
186 272 221 332 12
595 291 653 332 rrrr
675 291 750 333 nrrn

229 431 343 497 tempus
361 419 515 496 locumque
537 431 635 497 aptum
650 433 682 479 ut
702 422 782 480 daret
804 421 957 492 Romulus,
972 421 1177 501 aegritudinem

229 501 318 558 animi
346 499 538 569 dissimulans,
572 501 654 558 ludos
681 520 717 557 ex
745 501 885 558 industria
916 514 1006 577 parat,
1036 503 1175 580 Neptuno

229 581 355 655 equestri
370 579 521 636 sollemnes
535 579 708 636 Consualia:
730 580 818 636 indici
837 580 940 637 deinde
960 582 1090 639 finitimis
1110 603 1170 660 spe·
1229 575 1232 579 ¹

229 659 377 716 otaculurn
389 658 479 733 jubet,
495 669 659 732 quantoque
675 672 814 735 apparatu
829 669 890 715 tum
904 659 1042 728 sciebant,
1058 673 1109 719 aut
1126 682 1171 724 oo-

199 741 331 806 fiterant,
347 738 557 805 concelebrant,
574 747 606 793 ut
627 755 688 793 rem
704 739 814 794 claram
828 748 1080 814 exspectatamque
1096 740 1172 798 face-

229 827 301 873 rent.
359 816 445 872 Multi
468 817 602 872 mortales
626 835 797 884 convenere,
822 817 915 872 studio
936 818 1023 873 etiam
1042 818 1172 877 videnda

228 915 310 952 novae
324 897 413 963 urbis,
429 896 553 952 maxime
568 895 690 971 proximi
711 896 827 970 quique,
842 894 1036 963 Caeninenses,
1051 896 1182 972 Crustu·-

228 975 307 1043 mini,
324 975 533 1032 Antemnates:
552 974 613 1049 jam
632 973 805 1030 Sabinorum
820 974 912 1030 omnis
934 975 1085 1032 multitudo
1103 995 1173 1034 cum

227 1054 326 1110 liberis
341 1073 375 1110 ac
387 1054 559 1129 conjugibus
570 1053 664 1109 venit:
686 1053 799 1109 invitati
813 1051 990 1127 hospitaliter
1004 1071 1054 1128 per
1064 1053 1172 1126 domos,
1214 1064 1219 1070 '
1250 1088 1259 1102 ·

180 1136 216 1192 10
227 1152 295 1190 cum
310 1134 397 1190 situm
408 1134 573 1207 moeniaque
584 1141 612 1188 et
628 1131 807 1206 frequentem
818 1132 901 1188 tectis
912 1132 1014 1188 urbem
1025 1131 1172 1204 vidissent,

227 1213 369 1269 mirantur
383 1221 441 1269 tam
456 1212 536 1267 brevi
552 1230 613 1267 rem
628 1199 790 1267 Romanaln
809 1211 947 1267 crevisse.
989 1209 1047 1268 Ubi
1062 1224 1171 1288 specte·

227 1291 288 1348 culi
308 1301 421 1367 tempus
434 1291 520 1359 venit,
536 1289 696 1364 deditaeque
717 1309 751 1346 eo
765 1298 876 1345 mentes
890 1307 958 1346 curn
972 1289 1065 1346 oculis
1079 1301 1171 1362 erant,

227 1378 288 1427 turn
310 1389 346 1426 ex
368 1370 521 1443 composito
542 1379 603 1426 orta
618 1370 681 1440 vis;
703 1369 841 1444 signoque
863 1367 936 1437 dato,
955 1368 1094 1443 juventus
1114 1370 1171 1427 Ro-

227 1468 314 1505 mana
328 1448 363 1506 ad
379 1447 530 1524 rapiendas
545 1449 671 1524 virgines
692 1447 838 1504 discurrit.
881 1447 991 1524 Magna
1009 1465 1076 1522 pars
1091 1448 1171 1519 forte,

179 1532 215 1586 15
226 1547 256 1584 rn
270 1548 356 1603 quern
370 1547 492 1603 quaeque
513 1528 663 1595 inciderat,
679 1539 784 1604 raptae:
809 1527 949 1602 quasdam
971 1524 1063 1583 sorina
1076 1529 1171 1586 excel-

226 1608 327 1676 lentes,
350 1608 521 1683 primoribus
545 1617 657 1681 patrum
681 1606 844 1674 destinatas,
866 1625 901 1662 ex
925 1605 1008 1681 plebe
1032 1607 1171 1678 homines,

226 1688 332 1763 quibus
350 1687 449 1743 datum
471 1685 617 1760 negotium
638 1693 709 1752 erat,
729 1685 826 1741 domos
846 1684 1022 1742 deserebant.
1065 1685 1171 1757 Unam,

226 1765 311 1840 longe
327 1775 392 1822 ante
408 1764 479 1821 alias
494 1765 589 1839 specie
605 1783 639 1821 ao
654 1763 868 1839 pulchritudine
883 1765 1035 1841 insignem,
1050 1784 1067 1821 a
1087 1765 1173 1842 globo

227 1843 374 1901 Thalassii
395 1843 547 1918 cujusdam
568 1852 678 1919 raptam
702 1841 806 1911 ferunt,
828 1843 984 1918 multisque
1001 1845 1171 1901 sciscitanti-

177 1926 216 1982 20
227 1923 289 1991 bus,
316 1924 432 1979 cuinam
457 1941 521 1978 eam
551 1920 667 1991 ferrent,
693 1922 857 1990 identidem,
882 1941 919 1978 ne
946 1923 1012 1997 quis
1039 1922 1170 1993 violaret,

204 2025 207 2031 ¹
227 2000 380 2058 Thalassio
402 2000 471 2057 ferri
492 2002 691 2059 clamitatum:
713 2000 958 2076 inde-nuptialem
980 2001 1055 2057 hanc
1070 2021 1171 2058 vocem

227 2079 343 2138 factam.
385 2079 515 2137 Turbato
530 2099 580 2156 per
595 2091 704 2137 metum
725 2079 846 2148 ludicro,
862 2080 953 2136 rnoesti
967 2090 1100 2155 parentes
1114 2082 1170 2137 vir-

226 2160 327 2236 ginum
342 2158 517 2235 profugiunt,
529 2160 696 2216 incusantes
711 2160 809 2216 violati
824 2159 937 2234 hospitii
952 2157 1055 2226 foedus,
1071 2159 1170 2216 deum-

226 2257 283 2312 que
307 2239 482 2307 invocantes,
505 2238 590 2313 cujus
615 2238 650 2295 ad
673 2239 812 2294 sollemne
836 2237 984 2313 ludosque,
1005 2256 1056 2313 per
1078 2236 1172 2297 fasae

177 2321 215 2376 25
226 2317 312 2373 fidem
327 2316 448 2392 decepti,
464 2318 618 2373 venissent.
640 2317 669 2374 N
673 2337 708 2374 ec
723 2319 811 2392 raptis
823 2327 873 2373 aut
883 2335 949 2392 spes
963 2315 998 2372 de
1013 2336 1044 2372 se
1059 2317 1169 2389 melior,

227 2407 277 2453 aut
302 2396 458 2472 indignatio
480 2407 522 2453 est
543 2397 652 2452 minor:
674 2395 725 2452 sed
745 2397 806 2470 ipse
828 2395 971 2453 Romulus
988 2397 1170 2467 circumibat,

226 2474 403 2550 docebatque
428 2484 542 2550 patrum
568 2474 595 2531 id
617 2476 759 2550 superbia·
774 2473 892 2544 facturn,
917 2475 967 2549 qui
993 2475 1171 2532 connubium

226 2554 355 2611 finitimis
370 2565 538 2630 negassent:
561 2555 626 2610 illas
640 2555 778 2610 tamenin
790 2555 979 2620 matrimonio,
992 2554 1022 2609 in
1034 2555 1172 2612 societate

212 2630 406 2691 fortunarum
427 2633 557 2690 omnium
571 2635 762 2709 civitatisque,
778 2642 814 2701 et,
830 2651 887 2708 quo
907 2633 979 2689 nihil
1001 2635 1099 2689 carius
1118 2632 1170 2690 hu-

178 2718 312 2772 Sdmano
332 2712 432 2790 generi
451 2713 495 2780 sit,
517 2714 640 2770 liberrim
662 2711 738 2769 fore:
771 2712 915 2768 mollirent
936 2712 1018 2768 modo
1040 2712 1107 2780 iras,
1133 2722 1170 2781 et,

226 2792 331 2867 quihus
353 2790 409 2847 fors
424 2809 542 2865 corpora
562 2791 695 2858 dedisset,
710 2791 810 2848 darent
833 2791 958 2846 animos:
980 2809 1056 2864 saepe
1071 2809 1108 2847 ex
1128 2791 1170 2847 in-

225 2871 303 2946 juria
325 2869 501 2944 postmodum
520 2870 642 2946 gratiam
657 2880 758 2938 ortam,
772 2887 864 2944 eoque
885 2869 1053 2926 melioribus
1068 2888 1173 2926 usuras

228 2950 306 3016 viris,
329 2947 404 3023 quod
426 2947 580 3005 adnisurus
601 2967 652 3024 pro
671 2967 703 3005 se
724 2948 847 3023 quisque
868 2949 913 3016 sit,
936 2959 976 3017 ut,
998 2967 1066 3004 oum
1087 2967 1173 3005 suam

228 3029 323 3084 vicem
348 3026 464 3084 functus
484 3027 577 3085 officio
591 3029 635 3095 sit,
652 3027 814 3104 parentium
835 3028 922 3084 etiam
944 3028 1102 3103 patriaeque
1123 3046 1172 3084 ex·

180 3112 217 3168 85
229 3107 305 3182 pleat
319 3105 503 3163 desiderium.
546 3106 735 3164 Accedebant
755 3105 901 3163 blanditiae
915 3107 1044 3164 virorum
1056 3105 1173 3163 'factum
1264 3172 1267 3177 y

229 3187 414 3261 purgantium
428 3186 584 3261 cupiditate
601 3195 687 3261 atque
708 3204 814 3255 amore,
829 3205 895 3261 quae
914 3186 1039 3242 maxime
1055 3184 1089 3242 ad
1109 3203 1161 3242 mu

228 3265 318 3322 liebre
334 3266 481 3341 ingenium
496 3265 630 3323 efficaces
644 3283 745 3339 preces
758 3274 835 3321 sunt.

269 3344 306 3402 X.
330 3343 369 3402 Et
386 3344 447 3420 jam
463 3343 615 3401 admodum
636 3344 759 3420 mitigati
779 3344 868 3400 animi
889 3344 978 3418 raptis
994 3353 1088 3400 erant.
1131 3342 1175 3401 At

229 3435 376 3499 raptarum
397 3436 529 3500 parentes
543 3434 603 3480 tum
619 3424 744 3479 maxime
758 3421 872 3479 sordida
893 3413 972 3478 {reste
986 3422 1174 3497 lacrimisque

137 3537 140 3544 ι
183 3509 217 3562 to
229 3514 256 3560 et
267 3504 393 3578 querelis
405 3503 536 3560 civitates
547 3503 747 3560 concitabant:
769 3519 823 3557 nec
835 3501 910 3558 domi
919 3511 1030 3558 tanturn
1042 3501 1173 3577 indigna-

229 3583 320 3649 tiones
334 3583 524 3649 continebant,
540 3581 589 3638 sed
608 3579 859 3656 congregabantur
873 3580 999 3654 undique
1017 3579 1053 3636 ad
1073 3579 1175 3636 Titum

145 3668 147 3672 '
230 3659 359 3725 Tatium,
376 3678 473 3734 regem
494 3661 685 3717 Sabinorum:
707 3670 736 3715 et
757 3660 914 3734 legationes
928 3678 971 3727 eo,
985 3658 1062 3734 quod
1083 3658 1175 3715 maxi·

231 3756 311 3794 mum
337 3737 417 3793 Tatii
440 3756 542 3795 nomen
564 3739 594 3794 in
615 3739 650 3794 iis
672 3736 838 3814 regionibus
859 3747 930 3806 erat,
955 3737 1175 3795 conveniebant.

230 3815 417 3874 Cannenses
436 3815 672 3891 Crustuminique
687 3825 716 3872 et
738 3815 927 3873 Antemnates
941 3826 1032 3886 erant,
1048 3815 1084 3872 ad
1103 3834 1178 3894 quoe
