2717 4292
475 280 562 319 arara
583 280 645 319 xxi.
687 278 753 318 car.
769 279 855 319 avan.
1103 270 1160 332 13⁷

160 402 317 489 plerosque
331 428 368 467 ex
384 410 462 486 agris
476 410 664 487 compulerat.
707 406 806 486 Hujus
819 410 936 486 generis
950 406 1112 481 multitudo,

161 490 241 548 fama
266 492 391 566 impigre
414 488 526 547 defensi
555 489 591 547 nd
619 489 799 546 Placentiam
826 489 951 566 praesidii
977 508 1111 559 accensa,

160 571 253 627 armis
268 570 391 644 arreptis
404 569 518 625 obviam
534 568 694 625 Hannibali
705 568 841 644 procedit.
884 567 980 643 Magis
994 570 1114 645 agmina

161 668 251 725 quam
267 650 347 705 acies
364 649 394 704 in
409 648 457 705 via
472 657 701 719 concurrerunt3
725 658 761 716 et,
782 667 852 704 cum
866 667 902 705 ex
924 648 1016 704 altera
1030 646 1112 723 parte

137 727 140 731 ’
160 727 234 786 nihil
261 737 368 805 praeter
391 726 566 784 inconditam
589 728 704 784 turbam
728 737 814 795 esset,
836 729 867 783 in
892 727 984 784 altera
1005 737 1034 784 et
1052 727 1144 783 duxti

161 808 248 863 militi
277 818 307 864 et
331 806 399 863 duci
414 804 508 864 ¹miles
536 806 635 876 fidens,
660 806 696 863 ad
720 807 839 884 triginta
866 808 995 882 quinque
1019 807 1112 863 millia

161 886 315 943 homiuum
344 904 361 942 a
389 886 491 962 paucis
517 884 591 943 fusa.
648 885 764 943 Postero
785 885 840 955 die,
862 885 1003 943 deditione
1025 884 1110 953 facta,

161 965 332 1042 praesidium
354 965 429 1023 intra
448 965 557 1022 moenia
572 983 731 1041 accepere;
750 964 884 1040 jussique
899 983 981 1021 arma
997 964 1111 1021 tradere
1200 969 1203 978 “

162 1063 234 1103 eum
248 1044 325 1101 dicto
348 1044 519 1119 paruissent,
534 1045 649 1121 signum
664 1054 782 1119 repente
796 1043 953 1101 victoribus
971 1042 1064 1114 datur,
1080 1052 1112 1102 ut

162 1133 316 1199 tamquam
337 1124 366 1179 vi
384 1132 498 1199 captam
519 1124 621 1179 urbem
641 1122 816 1199 diriperent:
837 1141 932 1199 neque
953 1122 1023 1193 ulla,
1044 1142 1111 1199 quoe
1124 1126 1159 1179 10

163 1202 194 1258 in
209 1202 261 1259 tali
277 1221 309 1259 re
318 1203 513 1259 memorabiIis
522 1203 714 1259 scribentibus
723 1201 815 1259 videri
828 1202 908 1272 solet,
918 1204 1112 1278 pretermissa

163 1379 260 1419 manae
281 1361 424 1438 superbiae
444 1360 552 1418 editum
576 1361 606 1415 in
630 1361 749 1417 miseros
773 1360 940 1437 exemplum
960 1370 1012 1418 est.
1054 1360 1112 1419 Hte

163 1438 248 1497 fuere
263 1440 392 1496 hibernae
406 1439 601 1515 expeditiones
616 1438 799 1495 Hannibalis.

204 1518 318 1577 LVIII.
345 1518 432 1576 Haud
460 1518 539 1595 longi
564 1518 630 1574 inde
658 1518 803 1593 temporis,
828 1517 898 1574 dum
921 1517 1111 1577 Intolerabilia
1124 1518 1159 1572 15

163 1596 275 1675 frigora
290 1608 381 1667 erant,
397 1599 480 1673 quies
500 1597 585 1654 militi
606 1596 673 1653 data
691 1607 743 1665 est,
758 1606 787 1653 et
809 1596 845 1653 ad
867 1597 960 1672 prima
974 1617 1010 1654 ac
1024 1596 1112 1654 dubia

88 1703 98 1721 ·
163 1679 250 1754 signa
265 1678 343 1734 veris
363 1677 509 1753 profectus
529 1696 566 1734 ex
588 1676 716 1732 hibernis
729 1677 759 1732 in
774 1676 923 1732 Etruriam
938 1676 1026 1745 ducit,
1047 1695 1112 1734 earn

163 1776 282 1833 quoque
309 1768 435 1833 gentem,
464 1758 540 1814 sicut
568 1755 669 1813 Gallos
697 1754 890 1831 Liguresque,
919 1766 969 1813 aut
1000 1756 1029 1812 vi
1061 1763 1112 1812 aut

164 1837 314 1894 voluntate
337 1836 537 1912 adjuncturus.
589 1835 804 1892 Transeuntem
829 1835 1017 1911 Apenninum
1041 1833 1112 1893 adeo

164 1926 247 1973 atrox
270 1915 370 1973 adorta
390 1925 544 1991 tempestas
565 1924 617 1984 est,
639 1924 670 1971 ut
695 1914 816 1991 Alpium
840 1932 927 1990 prope
953 1913 1158 1971 foeditateneo

164 1996 358 2071 superaverit.
401 1994 496 2053 Vento
518 1996 625 2051 mixtus
646 1994 739 2050 Imber
753 2012 821 2050 cum
847 1992 971 2050 ferretur
994 1994 1024 2049 in
1049 1994 1111 2068 ipsa

163 2093 226 2143 ora,
249 2075 351 2151 primo,
375 2075 444 2149 quia
469 2082 519 2130 aut
544 2092 625 2130 arma
649 2071 805 2130 omittenda
826 2083 918 2143 erant,
934 2081 984 2129 aut
1011 2083 1112 2129 oontra

163 2155 308 2211 enitentes
333 2154 441 2211 vertice
468 2153 565 2209 intorti
587 2152 798 2229 affligebantur,
827 2152 998 2225 constiter03
1034 2150 1110 2220 dein,

164 2251 235 2290 oum
260 2233 323 2308 jam
347 2234 483 2309 spiritum·
507 2232 669 2289 includeret
696 2250 751 2288 nec
778 2232 959 2308 reciprocare
984 2231 1111 2289 animam

164 2313 283 2380 sineret,
300 2313 395 2369 aversi
416 2332 433 2369 a
455 2320 539 2368 vento
561 2329 718 2388 parumper
731 2310 898 2368 consedere.
942 2310 1021 2367 Tum
1042 2328 1110 2367 vero
1123 2308 1159 2367 26

164 2392 277 2469 ingenti
299 2410 368 2449 sono
388 2391 494 2449 caelum
515 2401 651 2466 strepere,
667 2401 696 2447 et
716 2392 792 2446 inter
804 2389 960 2447 horrendos
982 2389 1110 2467 fragores

164 2473 277 2527 micare
298 2472 397 2547 ignes:
415 2471 511 2553 xcaptis
533 2470 652 2527 auribus
672 2480 701 2527 et
721 2469 814 2526 oculis
835 2479 913 2526 metu
934 2487 1034 2526 omnes
1053 2478 1110 2524 tor·

165 2567 252 2627 pere:
283 2549 400 2607 tandem
425 2549 516 2608 effuso
540 2549 640 2617 imbre,
663 2567 732 2605 oum
753 2566 787 2603 eo
807 2548 900 2623 magis
921 2548 1045 2603 accensa
1065 2544 1109 2603 vis

166 2630 244 2686 venti
254 2640 339 2699 esset,
347 2630 408 2705 ipso
416 2628 475 2698 illo,
485 2647 541 2705 quo
550 2627 721 2704 deprehensi
729 2634 820 2694 erant,
828 2625 891 2681 loco
900 2635 995 2681 castra
1003 2642 1108 2699 ponere

164 2710 366 2766 necessarium
380 2708 475 2765 visum
496 2717 549 2765 est.
592 2705 624 2763 ld
638 2724 709 2763 vero
728 2705 835 2763 laboris
855 2703 934 2760 velut
949 2703 984 2760 de
998 2704 1110 2780 integro
1120 2704 1159 2761 30

166 2788 284 2845 initium
310 2786 381 2845 fuit:
402 2806 471 2844 nam
490 2806 546 2844 nec
567 2785 714 2862 explicare
733 2783 891 2860 quidquam
915 2802 970 2840 nec
984 2792 1110 2840 statuere

166 2876 307 2943 poterant,
333 2886 387 2925 neo
409 2867 484 2955 quod
506 2876 645 2924 statutum
669 2869 745 2922 esset
766 2863 909 2934 manebat,
930 2863 1028 2920 omnia
1047 2878 1109 2939 per·

165 2945 316 3003 scindente
330 2956 415 3003 rento
435 2955 464 3003 et
485 2946 623 3022 rapiente.
665 2944 706 3002 Et
725 2962 792 3001 mox
809 2962 885 3020 aqua
905 2944 1001 3000 levata
1015 2951 1109 3011 vento,

165 3044 235 3083 cum
257 3042 346 3102 super
369 3024 466 3103 gelida
482 3025 622 3082 montium
642 3024 716 3101 juga
737 3034 873 3082 concreta
893 3033 976 3093 esset,
997 3032 1111 3080 tantum

166 3105 276 3162 nivosae
284 3105 435 3181 grandinis
444 3104 557 3180 dejecit,
568 3113 608 3173 ut,
617 3104 751 3161 omnibus
758 3103 880 3173 omissis,
890 3102 1111 3180 procumberent
1121 3104 1159 3158 85

166 3183 307 3253 homiues,
317 3183 491 3261 tegminibus
502 3184 562 3241 suis
571 3183 664 3260 magis
672 3184 766 3240 obruti
777 3202 864 3259 quam
874 3183 956 3241 tecti:
973 3192 1111 3257 tantaque

167 3263 211 3319 vis
237 3262 353 3340 frigoris
373 3264 505 3320 insecuta
528 3272 578 3331 est,
595 3272 625 3319 ut
650 3281 687 3319 ex
709 3263 761 3319 illa
782 3260 939 3319 miserabili
963 3260 1112 3317 hominurn

167 3340 421 3417 jumentorumque
436 3354 531 3418 strage
545 3360 614 3398 cum
629 3362 660 3399 se
674 3344 796 3417 quisque
811 3341 948 3398 extollere
963 3358 998 3395 ac
1013 3337 1111 3395 levare

168 3420 265 3491 vellet,
292 3421 342 3477 diu
367 3422 507 3496 nequiret,
533 3422 602 3497 quia
624 3421 798 3480 torrentibus
824 3420 918 3496 rigore
942 3418 1040 3474 nervis
1062 3416 1111 3472 vix

168 3498 286 3557 flectere
308 3511 388 3557 artus
409 3510 554 3575 poterant:
580 3500 692 3570 deinde,
707 3510 739 3557 ut
759 3497 873 3555 tandem
895 3494 1028 3573 agitando
1048 3497 1160 3553 sese40

169 3596 284 3636 movere
308 3598 344 3636 ao
367 3580 496 3655 recipere
519 3580 638 3649 animos,
660 3588 689 3637 et
710 3579 783 3635 raris
802 3577 873 3633 loois
893 3576 967 3654 ignis
988 3575 1050 3631 fieri
1069 3584 1113 3632 est

170 3669 291 3733 coeptus,
308 3657 343 3715 ad
356 3658 482 3715 alienam
496 3679 578 3735 opem
589 3660 713 3735 quisque
727 3658 808 3732 inops
822 3655 950 3713 tendere.
985 3653 1113 3713 Biduum

170 3753 204 3793 eo
224 3736 288 3797 loeo
303 3737 384 3795 velut
403 3738 512 3796 obsessi
527 3756 676 3795 mansere:
698 3736 782 3794 multi
795 3736 934 3806 homines,
954 3734 1046 3793 multa
1064 3733 1112 3813 ju·
