2717 4292
352 393 361 402 ι
459 332 546 373 amaa
564 333 638 374 mr.
680 333 747 373 car.
765 333 868 374 mu.
1100 319 1159 382 175

163 463 324 540 praedicere
339 473 444 540 posset,
458 481 518 539 qua
531 483 600 521 cnm
618 419 699 521 hoste
712 464 803 541 signis
816 463 929 522 collatis
942 473 1019 522 esset
1031 463 1110 523 dimi.

165 552 299 604 caturus.
352 543 401 613 Se,
425 561 492 619 quae
515 543 639 600 consilia
662 545 757 620 magis
780 561 828 600 res
849 541 917 601 dent
940 543 1113 615 hominibus,

165 641 256 700 quam
270 622 403 680 homines
424 622 521 692 rebus,
536 642 572 679 ea
586 632 653 680 ante
673 633 788 698 tempus
801 622 957 681 immatura
970 642 1027 682 non
1041 643 1113 700 prm·

165 711 339 777 cepturum:
360 711 460 778 optare
474 710 515 770 ut,
529 720 597 777 quar
609 712 695 759 caute
716 721 752 759 ac
766 703 897 760 consulte
913 712 995 780 gesta
1008 713 1113 772 esseut,

166 783 237 838 satis
259 799 396 857 prospere
412 783 580 838 evenirent:
600 781 801 850 temeritatem,
825 791 1017 858 praeterquam
1037 782 1145 860 qu0d5

166 860 257 917 stulta
270 861 316 929 sit,
331 858 479 918 infelicem
493 861 581 917 etiam
601 860 638 916 ad
659 860 689 917 id
713 860 844 918 locorum
865 859 965 918 fuisse.
1007 860 1041 919 Id
1061 880 1115 919 sua

166 949 268 1015 sponte
291 941 457 1015 apparebat,
481 948 545 996 tuta
566 939 712 997 celeribus
733 940 862 996 consiliis
885 940 1114 1016 praeposituram,

167 1030 207 1088 et,
224 1037 282 1094 quo
303 1019 331 1074 id
352 1020 532 1076 constantius
551 1029 760 1096 perseveraret,
782 1019 821 1084 Q.
837 1019 948 1076 Fabius
968 1019 1116 1076 Maximus

167 1098 213 1155 sic
235 1116 305 1154 eum
329 1098 558 1173 proficiscentem
582 1098 727 1156 allocutus
752 1097 860 1156 fertur:
893 1097 1033 1167 XXXIX,
1055 1098 1116 1156 “Si

168 1186 220 1234 aut
243 1177 397 1254 collegam,
421 1178 451 1234 id
471 1177 547 1253 quod
568 1177 698 1247 mallem,
718 1179 762 1235 tui
785 1178 920 1248 similem,
941 1177 979 1237 L.
1002 1177 1114 1247 AEmili,
1127 1183 1165 1238 1⁰

167 1256 302 1324 haberes,
326 1266 377 1313 ant
393 1266 426 1314 tu
444 1257 566 1334 collegae
589 1258 634 1313 tui
657 1276 737 1314 esses
760 1257 871 1326 similis,
896 1275 1116 1334 supervacanea

167 1344 246 1393 esset
268 1336 359 1393 oratio
375 1355 458 1394 mea:
483 1354 552 1392 nam
573 1346 602 1392 et
623 1334 681 1392 duo
703 1336 769 1393 boni
791 1336 935 1406 consules,
960 1338 1048 1394 etiam
1067 1355 1115 1393 me

168 1413 323 1485 indicente,
338 1416 435 1472 omnia
449 1435 465 1472 e
480 1433 512 1472 re
526 1415 644 1491 publica
660 1414 718 1472 fide
732 1425 829 1472 vestra
843 1413 987 1485 faceretis,
1002 1426 1031 1472 et
1043 1415 1116 1472 mali

166 1511 224 1551 nec
238 1497 305 1550 mea
318 1495 407 1551 verba
422 1495 542 1551 auribus
556 1495 659 1550 vestris
673 1513 729 1550 nec
743 1493 865 1580 consilia
879 1495 983 1550 animis
1002 1494 1115 1569 accipe-

165 1573 247 1630 retis.
291 1573 382 1631 Nunc
395 1584 424 1632 et
440 1574 584 1650 collegam
597 1581 682 1630 tuum
696 1582 725 1631 ct
738 1582 766 1631 te
781 1572 869 1629 talem
883 1574 979 1629 virum
993 1573 1116 1630 intuenti
1127 1577 1165 1633 15

167 1652 239 1708 mihi
259 1661 359 1710 tecum
379 1655 474 1711 omnis
487 1653 579 1709 oratio
601 1661 653 1722 est,
667 1671 756 1729 quem
775 1649 858 1710 video
871 1650 1067 1728 nequidquam
1087 1659 1116 1708 et

166 1732 265 1787 virum
288 1732 395 1789 bonum
408 1742 437 1790 et
462 1733 558 1790 civem
581 1730 651 1802 fore,
666 1733 692 1789 si
713 1731 804 1789 altera
825 1740 906 1808 parte
928 1729 1045 1788 claudet
1068 1749 1116 1789 res

165 1811 295 1886 publica,
310 1810 396 1869 malis
410 1812 538 1869 consiliis
561 1810 638 1868 idem
658 1830 695 1868 ac
719 1811 800 1868 bonis
819 1811 895 1887 juris
916 1819 946 1868 et
969 1811 1116 1887 potestatis

165 1890 232 1946 erit.
269 1890 363 1948 Erras
376 1893 464 1960 enim,
479 1889 517 1949 L.
532 1889 634 1960 Paule,
649 1891 674 1948 si
688 1891 739 1948 tibi
753 1891 850 1946 minus
864 1891 1032 1948 certaminis
1046 1907 1115 1947 cum

165 1968 202 2026 C.
218 1968 358 2028 Terentio
371 1989 461 2047 quam
471 1989 540 2029 cum
551 1969 717 2027 Hannibale
729 1968 860 2026 futurum
874 1988 994 2040 censes;
1018 1969 1115 2026 nescio
1125 1975 1165 2030 2⁰

166 2067 207 2104 an
227 2047 358 2107 infestior
377 2051 426 2108 hic
441 2050 625 2107 adversarius
645 2068 733 2124 quam
754 2049 803 2104 ille
827 2048 916 2105 hostis
936 2053 1113 2118 maneat,'et,

165 2146 238 2184 cum
265 2128 316 2185 illo
343 2130 373 2186 iu
401 2129 465 2187 acie
492 2137 615 2198 tantum,
641 2147 710 2185 cum
738 2127 791 2184 hoc
819 2128 953 2184 omnibus
980 2126 1052 2184 locis
1079 2145 1115 2185 ac

166 2208 345 2284 temporibus
364 2209 390 2266 si
404 2217 569 2266 certaturus
583 2226 623 2276 es,
639 2207 778 2264 adversus
795 2205 991 2264 Hannibalem
1006 2206 1113 2284 legion-

144 2277 152 2291 ‘
165 2305 257 2362 esque
271 2287 337 2363 ejus
355 2289 413 2346 tuis
427 2287 573 2363 equitibus
586 2305 622 2344 ac
636 2287 779 2362 peditibus
800 2286 988 2364 pugnandum
1002 2287 1054 2345 tibi
1068 2288 1113 2356 sit,

166 2365 264 2423 Varro
287 2367 346 2424 dux
371 2367 429 2424 tuis
447 2367 587 2424 militibus
610 2375 638 2423 te
662 2367 700 2423 sit
719 2374 948 2442 oppugnaturus.
967 2356 1163 2432 XOminis25

166 2445 255 2502 ctiam
281 2445 332 2502 tibi
356 2465 447 2504 causa
462 2445 536 2503 absit
555 2445 590 2503 C.
611 2444 749 2502 Flaminii
764 2446 923 2508 memoria:
944 2455 1042 2503 tamen
1064 2446 1113 2502 ille

165 2525 269 2582 consul
298 2524 416 2582 demum
439 2533 469 2582 et
495 2525 525 2581 in
554 2524 702 2600 provincia
725 2533 754 2580 et
782 2521 817 2580 ad
842 2525 1004 2580 exercitum
1026 2524 1115 2598 coepit

166 2601 287 2661 furere:
319 2604 368 2662 hic
396 2606 567 2681 priusquam
595 2611 705 2679 peteret
732 2601 924 2669 consulatum,
953 2601 1056 2659 deinde
1083 2603 1115 2658 in

166 2683 289 2760 petendo
303 2684 495 2753 consulatum,
509 2701 589 2740 nunc
610 2700 725 2757 quoque
748 2679 858 2756 consul,
876 2680 1046 2755 priusquam
1066 2687 1113 2737 ca-

165 2771 226 2820 stra
240 2761 339 2821 videat
359 2772 410 2820 aut
423 2771 542 2832 nostem,
559 2761 675 2818 insanit.
718 2759 766 2830 Et,
781 2759 832 2835 qui
845 2757 942 2817 tantas
959 2758 1021 2834 jam
1035 2777 1114 2816 nunc
1126 2766 1164 2822 30

166 2840 319 2918 procellas,
341 2843 446 2920 proelia
459 2851 545 2918 atque
560 2841 640 2898 acies
656 2840 802 2917 jactando,
822 2839 897 2896 inter
917 2847 1027 2917 togatos
1047 2839 1114 2909 ciet,

85 2975 89 2980 .
166 2919 236 2996 quid
257 2921 334 2978 inter
348 2930 490 2979 armatam
508 2922 691 2998 juventutem
712 2939 814 2978 censes
835 2917 990 2990 facturum,
1012 2927 1041 2978 et
1065 2919 1115 2978 ubi

167 3001 312 3077 extemplo
326 3019 374 3059 res
382 3001 470 3059 verba
484 2997 637 3076 sequitur?
659 3000 753 3076 Atqui
766 3000 791 3057 si
806 2999 862 3070 hic,
877 2999 954 3075 quod
968 2998 1115 3058 facturum

166 3097 197 3135 se
211 3078 373 3152 denuntiat,
384 3079 529 3156 extemplo
542 3081 724 3157 pugnaverit,
741 3089 791 3138 aut
804 3099 858 3158 ego
870 3098 935 3136 rem
949 3080 1114 3151 militarem,

166 3155 237 3215 belli
259 3159 316 3218 boc
338 3178 441 3237 genus,
467 3160 577 3217 hostem
598 3159 677 3217 hunc
698 3160 808 3237 ignom,
830 3168 880 3218 aut
901 3160 1023 3218 nobilior
1038 3159 1163 3220 alius³5

167 3233 342 3297 Trasimeno
364 3240 447 3298 locus
471 3239 576 3296 nostris
603 3239 736 3297 cladibus
763 3241 827 3297 erit.
877 3238 944 3296 Nec
971 3237 1115 3316 gloriandi

167 3323 281 3394 tempus
306 3318 447 3377 adversus
472 3338 564 3377 unum
588 3329 640 3389 est,
662 3329 691 3377 et
713 3318 998 3395 egocontemnendo
1022 3318 1114 3392 potius

166 3413 253 3471 quam
270 3400 429 3476 appetendo
443 3399 566 3477 gloriam
580 3399 698 3456 modum
717 3397 910 3456 excesserim:
931 3394 982 3453 sed
1006 3397 1046 3453 ita
1067 3414 1114 3454 res
1206 3401 1209 3408 ⁴

166 3492 197 3531 se
221 3475 328 3552 habet3
360 3497 420 3536 una
442 3479 515 3536 ratio
532 3478 601 3536 belli
620 3477 742 3555 gerendi
756 3477 896 3534 adversus
917 3474 1113 3533 Hannibalem

166 3562 218 3624 cst,
232 3575 293 3631 qua
307 3577 361 3634 ego
375 3559 462 3636 gessi,
474 3576 528 3616 nec
542 3568 664 3616 eventus
678 3556 761 3613 modo
776 3556 829 3613 hoc
838 3554 1113 3613 docet-stultorum
1124 3559 1162 3616 40
1220 3615 1230 3628 ,

166 3631 218 3690 iste
239 3638 379 3714 magister
399 3637 533 3696 est—sed
555 3637 657 3695 eadem
679 3635 761 3705 ratio,
781 3653 847 3711 quae
872 3633 926 3692 fuit
947 3634 1112 3711 futuraque,

165 3710 256 3771 donec
281 3734 329 3773 res
353 3717 463 3774 eaedem
487 3718 653 3786 manebunt,
674 3715 864 3772 immutabilis
879 3724 931 3773 est.
973 3714 1007 3773 In
1028 3713 1113 3772 ltalia

167 3789 274 3851 bellum
292 3797 423 3873 gerimus
443 3797 474 3854 in
488 3796 557 3855 sede
571 3813 607 3853 ac
620 3795 681 3853 solo
695 3804 800 3865 nostro,
815 3795 912 3852 omnia
925 3795 1006 3854 circa
1026 3794 1113 3873 plena

165 3870 275 3932 civium
290 3894 327 3934 ac
339 3878 486 3935 sociorum
498 3885 574 3947 sunt,
589 3875 687 3945 armis,
703 3875 782 3946 viris,
797 3875 890 3953 equis,
904 3874 1113 3936 commeatibus
1147 3885 1149 3888 '
