2717 4292
484 271 572 312 msa
593 271 638 313 ιιι.
679 271 748 314 ω.
763 272 827 314 ιιι.
1014 245 1019 255 ’
1114 259 1155 318 71

145 414 334 473 crearentur,
348 412 473 460 centnm
486 421 568 460 eme:
586 402 720 478 judicem
738 403 818 461 enim
837 403 989 462 cmsnlm
1008 403 1106 482 appel-

145 484 216 543 lari.
261 481 342 548 Qum
368 480 516 539 refellitur
542 482 749 559 interpretatio,
768 482 847 558 qnod
869 484 907 540 iis
929 485 1107 560 temporibus

145 563 281 621 nondum
305 561 458 619 consulem
478 560 610 636 judicem
629 561 682 618 sed
704 572 857 638 praetorem
880 563 1022 638 appellari
1043 582 1107 620 mos

146 643 260 702 iuerat.
303 640 379 698 Haec
399 640 571 697 consiiiares
590 640 673 717 leges
694 639 788 698 fuere.
829 640 997 698 institutum
1016 643 1107 699 etiam

146 723 187 780 ab
200 721 309 778 iisdem
322 719 503 788 consulibus,
518 728 551 776 ut
560 731 681 776 sanatus
693 719 828 777 consulta
840 721 871 776 in
884 720 978 778 edem
989 721 1137 779 cerem

147 801 188 860 ad
202 801 307 858 aediles
320 798 414 876 plebis
426 797 620 890 deferrentur,
633 817 702 874 qum
719 809 807 856 antea
819 799 940 856 arbitrio
951 801 1109 858 comulum

146 877 1107 1034 tunitii‘neubiumttzzb’quite

97 1095 100 1099 .
148 1041 216 1098 sine
237 1037 365 1095 tribunis
385 1036 560 1111 reliquisset,
574 1037 685 1112 quique
704 1038 906 1112 magistmtnm
923 1038 988 1094 sine
1006 1055 1107 1112 proso·

149 1118 269 1177 catione
282 1124 421 1184 creaaeet,
431 1125 515 1192 tergo
529 1134 565 1171 ac
578 1116 674 1191 capite
688 1117 851 1193 puniretur.
879 1115 955 1173 Haec
963 1117 1062 1174 mnnia
1074 1125 1108 1172 ut
1118 1117 1158 1172 10

148 1198 263 1265 invitis,
275 1197 317 1254 ita
329 1213 388 1253 non
401 1193 632 1263 adversantibus,
644 1195 775 1270 patriciis
786 1205 944 1265 transacta,
953 1197 1025 1272 quia
1036 1213 1107 1252 non·

150 1277 225 1335 (laun
239 1276 271 1332 in
284 1292 465 1351 quemquam
478 1289 571 1330 unum
584 1274 770 1331 uniebatur.

193 1354 279 1415 LVI.
301 1354 327 1412 F
328 1350 441 1412 nudata
457 1351 562 1409 deinde
575 1361 606 1409 et
625 1362 765 1427 potestate
783 1353 951 1422 tribunicia,
965 1363 996 1410 et
1014 1352 1109 1429 plebis

124 1467 128 1474 ·
151 1434 300 1504 libertate,
311 1443 376 1492 tum
387 1432 507 1501 tribuni,
518 1429 641 1508 aggredi
653 1431 786 1509 singulos
794 1441 891 1489 situm
903 1441 1108 1508 maturumque

152 1674 281 1750 stipatus
301 1670 434 1748 patriciis
449 1669 618 1745 juvenibus,
633 1669 663 1725 in
685 1669 782 1726 sonim
794 1668 999 1738 descendisset,
1013 1667 1107 1725 redin-

152 1761 270 1829 tegrata
284 1748 430 1826 extemplo
443 1757 488 1806 est
499 1748 633 1806 omnibus
652 1750 794 1806 memoria
807 1747 974 1806 fortissime
985 1757 1108 1825 potestu-

153 1833 201 1901 tis,
215 1849 288 1888 cnm
307 1831 405 1906 ipsum
424 1827 622 1903 satellitesque
642 1829 708 1903 ejus
723 1827 872 1885 vidissent.
912 1827 993 1885 Τιιιιι
1006 1827 1106 1903 Virgi-

152 1912 225 1968 nius
249 1907 393 1968 “oratio''
417 1907 512 1982 inquit
533 1907 649 1963 “rebus
670 1907 767 1964 dubiis
783 1908 903 1964 inventa
925 1917 988 1963 est:
1008 1907 1158 1982 itaque20

153 2007 253 2066 neque
267 2003 323 2064 ego
343 1985 510 2044 accusando
530 1985 607 2062 apud
620 2005 672 2043 vos
684 1985 755 2043 etim
773 1995 889 2062 tempus
906 1996 1010 2054 teram,
1024 2003 1043 2041 a
1055 2003 1107 2042 cu-

152 2070 204 2147 jus
218 2067 392 2126 crudelitate
406 2074 517 2122 vosmet
536 2065 591 2140 ipsi
610 2066 699 2122 armis
710 2063 890 2133 vindicastis,
899 2081 957 2122 nec
969 2064 1057 2120 istum
1070 2063 1108 2120 ad

153 2159 255 2206 cetera
284 2145 399 2204 scelera
424 2143 633 2220 impudentiam
656 2145 688 2200 in
711 2142 893 2202 defendendo
919 2161 953 2200 se
979 2142 1108 2219 adjicere

155 2228 262 2304 pretim.
304 2224 446 2282 Omnium
466 2223 557 2300 igitur
570 2223 631 2292 tibi,
646 2224 726 2300 Appi
745 2222 861 2293 Claudi,
875 2241 944 2299 qnae
955 2223 1044 2300 impia
1056 2239 1107 2280 ne·

156 2305 292 2382 sanieque
313 2322 366 2380 per
378 2303 528 2360 biennium
547 2301 606 2359 alia
626 2321 715 2378 super
735 2303 795 2360 alia
815 2321 849 2360 es
868 2321 968 2372 ausus,
981 2303 1156 2380 gratiamw

157 2384 253 2443 facio:
275 2385 365 2441 unius
387 2391 502 2467 tantum
523 2382 654 2439 criminis
677 2383 734 2439 nisi
754 2382 886 2457 judicem
906 2382 997 2451 dicas,
1017 2391 1047 2439 te
1069 2382 1107 2438 ab

156 2465 293 2523 libertate
314 2463 345 2519 in
365 2461 535 2520 servitutem
549 2471 650 2517 contra
663 2461 745 2536 leges
758 2461 901 2518 vindicias
912 2480 971 2518 non
984 2460 1106 2528 dedisse,

157 2545 190 2602 in
209 2542 333 2600 vincula
354 2552 382 2599 te
404 2540 474 2598 duci
492 2538 635 2614 jubebo.''
676 2539 744 2597 Nec
766 2540 798 2595 in
817 2540 976 2596 tribunicio
996 2539 1108 2595 auxilio

158 2623 283 2700 Appius,
298 2621 399 2678 necin
415 2618 526 2694 judicio
547 2618 645 2694 populi
659 2618 752 2674 ullam
771 2635 853 2693 spem
872 2617 1014 2674 babebat:
1034 2625 1107 2672 atta·

159 2721 228 2759 men
249 2712 280 2759 et
300 2700 431 2757 tribunos
451 2698 616 2774 appellavit,
631 2707 661 2754 et
682 2696 764 2754 nullo
785 2705 915 2753 morante
935 2703 1070 2772 arreptus
1089 2698 1158 2752 a30

159 2783 271 2840 viatore
285 2785 305 2815 “
314 2777 458 2856 prosooo''
479 2777 584 2852 inquit.
626 2775 740 2833 Audita
759 2793 815 2834 vox
829 2793 890 2833 una
901 2775 1009 2833 vindex
1022 2774 1107 2832 liber-

159 2861 227 2920 tatis
241 2879 279 2918 ex
289 2879 325 2917 eo
334 2859 423 2916 missa
436 2875 495 2926 ore,
505 2874 564 2932 qno
573 2855 709 2913 vindiciae
721 2873 816 2932 nuper
828 2856 865 2913 ab
878 2855 1010 2914 libertate
1022 2854 1108 2913 dictae

159 2949 253 3010 erant,
265 2939 414 2997 silentium
428 2936 513 2994 fecit:
535 2945 573 3005 et,
584 2935 654 2992 dum
664 2953 717 3012 pro
729 2955 761 2993 se
774 2936 897 3012 quisque
910 2936 979 2994 deos
990 2935 1108 2993 tandem

159 3039 234 3089 eme,
248 3029 279 3076 et
298 3036 357 3075 non
370 3016 519 3093 negligere
538 3015 666 3072 bumana
680 3013 816 3085 fremunt,
830 3025 860 3073 et
879 3016 1022 3092 miperbiae
1040 3033 1106 3074 oru-

159 3098 329 3174 delitatique
349 3097 404 3154 etsi
423 3113 504 3153 seras
522 3112 579 3151 non
593 3094 673 3151 leves
686 3104 785 3152 tamen
797 3095 898 3152 venire
917 3113 1029 3172 poenns,
1044 3113 1106 3173 pro-
1116 3098 1156 3152 ³5

160 3195 277 3247 vocare,
292 3176 344 3252 qui
364 3174 595 3252 provocationem
608 3174 780 3243 sustulisset,
794 3184 824 3232 et
841 3173 996 3250 implorare
1009 3175 1106 3250 prm·-

160 3256 242 3314 dium
256 3255 369 3332 populi,
384 3255 434 3330 qui
455 3254 553 3311 omnia
572 3253 642 3328 jura
661 3255 760 3330 populi
781 3254 921 3323 obuisset,
935 3253 1056 3329 rapique
1075 3254 1108 3310 in

160 3335 283 3393 vincula
306 3343 440 3411 egentem
459 3333 526 3408 jure
550 3332 700 3403 libertatis,
721 3333 773 3409 qui
795 3333 921 3390 liberum
947 3349 1053 3406 corpus
1076 3332 1107 3387 in

161 3415 331 3472 servitutem
352 3411 647 3488 addixisset-ipsius
667 3412 758 3488 Appii
771 3413 848 3469 inter
866 3410 1015 3468 concionis
1027 3407 1106 3465 inur-

161 3512 229 3550 mur
242 3492 330 3549 fidem
351 3492 450 3568 populi
470 3491 594 3548 Romani
614 3491 795 3567 implorantis
814 3507 871 3547 vox
886 3487 1105 3546 exaudiebatur.
1116 3493 1156 3548 40

162 3571 309 3648 Majorum
322 3573 427 3628 merita
439 3571 470 3627 in
484 3569 695 3646 rempublicam
708 3570 785 3628 domi
799 3568 968 3644 militisque
982 3585 1107 3626 comme-

162 3651 301 3721 morabat,
322 3667 411 3708 suum
433 3647 536 3706 infelix
553 3667 625 3726 erga
648 3649 764 3726 plebem
786 3632 949 3705 Romanam
968 3647 1106 3720 studium,

161 3749 219 3806 quo
239 3728 450 3808 aequandarum
471 3728 572 3806 legum
594 3747 688 3785 causa
709 3746 779 3786 cum
800 3727 929 3786 maxima
950 3726 1107 3787 offensione

161 3819 279 3885 patrum
297 3809 452 3870 consulatu
472 3807 587 3879 abisset,
601 3825 671 3866 suas
692 3807 782 3887 leges,
795 3807 904 3886 quibus
923 3809 1108 3868 manentibus
1111 3863 1130 3908 s
