2717 4292
396 363 483 405 muru
503 365 578 405 xxn.
620 365 687 404 car.
702 365 796 418 nvn,
809 366 916 409 nvm-
1093 353 1149 416 181

156 491 332 552 umbilicum
345 503 430 552 erant
443 495 533 552 nudi:
554 494 680 571 Hispani
694 495 792 554 linteis
809 499 955 573 praetextis
975 517 1106 575 purpura

156 576 275 642 tunicis,
287 574 414 631 candore
429 576 502 631 miro
516 573 704 650 fulgentibus,
714 579 909 634 constiterant.
952 578 1106 636 Numerus

158 656 290 726 omnium
304 651 444 730 peditum,
459 655 511 729 qui
529 665 594 710 tum
609 661 750 712 stete'runt
774 657 804 712 in
819 657 893 724 acie,
910 657 1035 714 millium
1051 657 1106 716 fuit

158 732 364 809 quadraginta,
379 731 482 790 decem
497 735 640 808 equitum.
683 733 784 792 Duces
798 737 936 792 cornibus
951 747 1104 812 praeerant,

157 813 275 869 sinistro
289 810 468 878 Hasdrubal,
483 811 583 868 dextro
598 812 760 882 Maharbal,
775 814 900 870 mediam
915 815 1008 872 aciem
1024 816 1134 878 Hau-5

157 892 238 948 nibal
260 891 322 966 ipse
343 889 517 948 cumfratre
540 890 665 968 Magone
685 893 788 950 tenuit.
831 892 891 964 Sol,
905 913 958 952 seu
972 894 1008 950 de
1022 895 1106 952 iudu-

158 971 231 1028 stria
252 971 293 1026 ita
313 970 425 1039 locatis,
443 989 496 1026 seu
513 969 589 1047 quod
611 970 683 1028 forte
704 972 744 1028 ita
765 981 880 1043 stetere,
894 983 1105 1049 peropportune

158 1049 278 1125 utrique
292 1049 368 1125 parti
382 1048 517 1124 obliquus
538 1059 610 1118 erat,
625 1049 766 1108 Romanis
781 1051 811 1107 in
830 1051 991 1120 meridiem,
1007 1052 1106 1110 Poenis

157 1127 189 1184 in
218 1127 450 1203 septemtrionem
478 1129 589 1186 versis:
620 1128 949 1187 ventus-Vulturnum
977 1131 1105 1208 regionis

156 1206 263 1264 incolae
277 1206 563 1264 vocant-adversus
577 1208 718 1265 Romanis
738 1220 862 1278 coortus,
878 1209 969 1268 multo
983 1211 1104 1289 pulvere
1116 1218 1154 1275 1⁰

157 1285 189 1342 in
204 1287 269 1360 ipsa
283 1304 335 1342 ora
349 1284 491 1343 volvendo
504 1297 688 1363 prospectum
703 1287 819 1345 ademit.

199 1362 326 1422 XLVII.
349 1365 484 1423 Clamore
498 1366 621 1434 sublato,
636 1384 809 1441 procursum
824 1367 950 1436 auxiliis,
965 1377 993 1424 et
1007 1387 1106 1444 pugna

156 1443 274 1501 levibus
283 1445 409 1520 primum
418 1444 507 1501 armis
515 1445 684 1501 commissa:
699 1443 802 1500 deinde
811 1446 942 1519 equitum
951 1446 1105 1504 Gallorum

156 1522 358 1598 Hispanorum
375 1523 484 1579 laevum
498 1540 590 1580 cornu
604 1542 674 1580 curn
688 1523 788 1580 dextro
802 1523 933 1581 Romano
947 1526 1104 1594 concurrit,

156 1603 279 1660 minima
300 1603 444 1677 equestris
464 1621 543 1659 more
564 1621 687 1679 pugnae:
717 1601 858 1660 frontibus
878 1604 956 1659 enim
976 1604 1105 1661 adversis
1118 1614 1154 1668 15

157 1681 394 1738 concurrendum
421 1692 493 1750 erat,
518 1683 597 1757 quia,
623 1681 705 1738 nullo
737 1682 818 1739 circa
850 1679 886 1738 ad
920 1681 1105 1760 evagandum

157 1761 260 1817 relicto
280 1762 382 1836 spatio,
397 1760 466 1817 hinc
485 1761 587 1827 amnis,
602 1761 670 1816 hino
686 1761 814 1838 peditum
834 1762 912 1818 acies
931 1761 1105 1819 claudebant

156 1839 189 1894 in
214 1839 359 1897 directum
380 1841 525 1914 utrimque
546 1841 679 1896 nitentes.
732 1840 882 1897 Stantibus
906 1858 942 1897 ac
967 1839 1105 1898 consertis

155 1928 303 1995 postremo
327 1918 414 1976 turba
441 1919 534 1994 equis,
559 1920 605 1975 vir
632 1919 729 1976 virum
757 1920 909 1996 amplexus
937 1920 1104 1978 detrahebat

156 2015 243 2072 equo.
287 1997 423 2055 Pedestre
448 2016 556 2074 magna
576 1999 638 2073 jam
662 2017 699 2054 ex
722 2009 803 2074 parte
824 2009 971 2055 certamen
993 1997 1153 2063 factum20

156 2087 238 2134 erat:
262 2077 361 2134 acrius
375 2086 471 2134 tamen
486 2096 575 2152 quam
595 2077 704 2134 diutius
724 2087 886 2154 pugnatum
900 2086 952 2145 est,
968 2078 1103 2154 pulsique

158 2154 287 2212 Romani
301 2157 414 2231 equites
432 2166 516 2233 terga
529 2165 657 2213 vertunt.
700 2157 762 2213 Sub
781 2157 923 2232 equestris
938 2156 1026 2216 finem
1040 2175 1102 2214 cer-

156 2235 279 2291 taminis
299 2243 398 2292 coorta
412 2244 456 2292 est
476 2235 604 2310 peditum
625 2254 733 2313 pugna.
777 2235 873 2292 Primo
893 2245 921 2293 et
942 2237 1054 2295 viribus
1074 2247 1103 2296 et

158 2315 266 2370 animis
280 2333 363 2389 pares
377 2315 547 2372 constabant
561 2314 676 2372 ordines
691 2313 786 2372 Gallis
803 2314 1018 2392 Hispanisque:
1040 2325 1101 2374 tan-

157 2392 224 2449 dem
246 2393 380 2461 Romani,
396 2393 446 2450 diu
468 2412 505 2451 ac
527 2413 603 2469 saepe
626 2395 747 2463 connisi,
764 2413 847 2469 aequa
869 2393 961 2452 fronte
980 2396 1151 2473 acieque25

158 2471 248 2530 densa
276 2472 420 2548 impulere
448 2473 573 2530 hostium
597 2491 725 2529 cuneum
752 2474 838 2529 nimis
865 2482 981 2530 tenuem
1010 2494 1101 2549 eoque

121 2614 125 2619 ,
157 2569 263 2627 parum
285 2550 465 2620 validum‚a
492 2561 591 2609 cetera
618 2552 828 2628 prominentem
856 2552 937 2607 acie:
969 2553 1102 2626 impulsis

157 2629 261 2687 deinde
277 2649 313 2688 ac
327 2630 438 2707 trepide
453 2629 644 2687 referentibus
661 2629 764 2704 pedem
778 2630 929 2701 insistere;
953 2649 988 2687 ac
1003 2640 1102 2688 tenore

157 2727 216 2766 uno
240 2726 295 2784 per
316 2728 446 2785 praeceps
471 2729 577 2786 pavore
591 2707 776 2785 ¹fugientium
797 2725 902 2784 agmen
922 2709 953 2764 in
978 2709 1102 2766 mediam

158 2790 286 2864 pulmum
301 2789 395 2846 aciem
406 2789 488 2859 illati,
500 2798 651 2864 postremo,
661 2787 742 2844 nullo
754 2787 911 2858 resistente,
924 2786 960 2845 ad
974 2787 1102 2847 subsidia
1113 2797 1150 2852 30

158 2865 303 2924 Afrorum
323 2879 526 2944 pervenerunt,
542 2869 592 2944 qui
614 2869 760 2943 utrimque
781 2866 909 2925 reductis
924 2867 978 2925 alis
999 2867 1101 2926 consti-

158 2953 262 3015 terant,
274 2946 378 3016 media,
394 2966 453 3022 qua
467 2946 547 3004 Galli
561 2947 744 3024 Hispanique
759 2955 904 3018 steterant,
921 2948 1102 3023 aliquantum

157 3025 338 3100 prominente
360 3027 433 3083 acie.
475 3026 537 3092 Qui
561 3046 675 3084 cuneus
698 3037 729 3084 ut
753 3027 856 3103 pulsus
874 3029 1001 3104 aequavit
1026 3027 1101 3085 fron-

157 3113 216 3162 tem
230 3106 369 3180 primurn,
384 3104 487 3163 deinde
502 3103 629 3163 cedendo
643 3107 732 3164 ctiam
745 3107 841 3164 sinum
862 3108 892 3165 in
907 3108 1001 3166 medio
1015 3107 1100 3178 dedit,

159 3183 226 3241 Afri
241 3185 324 3242 circa
334 3183 397 3258 jam
411 3196 522 3242 cornua
536 3184 674 3254 fecerant,
689 3186 925 3264 irruentibusque
939 3188 1057 3246 incaute
1070 3189 1101 3245 in
1112 3193 1150 3248 35

159 3263 286 3321 medium
310 3263 449 3323 Romanis
470 3264 688 3323 circumdedere
709 3265 780 3336 alas,
795 3284 861 3322 mox
879 3284 989 3323 cornua
1003 3275 1099 3322 exten-

159 3341 252 3399 dendo
272 3342 406 3400 clausere
427 3353 456 3400 et
477 3343 513 3400 ab
536 3344 748 3422 tergo'hostes.
791 3343 870 3402 Hiuc
894 3343 1028 3413 Romani,
1052 3343 1099 3401 de-

159 3420 252 3479 functi
271 3422 470 3498 nequidquam
491 3424 595 3498 proelio
615 3442 682 3494 uno,
698 3423 810 3480 omissis
833 3421 927 3480 Gallis
948 3422 1099 3497 Hispanis·

159 3519 224 3575 que,
236 3520 361 3576 quorum
375 3511 458 3579 terga
472 3502 646 3571 ceciderant,
658 3513 688 3560 et
703 3501 841 3558 adversus
855 3501 944 3559 Afros
957 3503 1100 3578 integram

159 3598 287 3657 pugnam
306 3581 416 3652 ineunt,
429 3601 486 3638 nou
503 3591 614 3639 tantum
636 3583 667 3638 in
688 3599 722 3638 eo
744 3581 873 3655 iniquam
898 3580 973 3655 quod
992 3581 1099 3639 inclusi
1110 3588 1149 3642 40

160 3659 299 3716 adversus
320 3659 522 3731 circumfusos,
538 3661 690 3718 sedetiam
712 3660 788 3733 quod
811 3658 878 3716 fessi
893 3679 961 3718 cum
976 3662 1098 3719 recenti-

160 3736 211 3794 bus
236 3757 272 3796 ac
297 3740 408 3816 vegetis
433 3741 612 3818 pugnabant.
663 3737 802 3797 XLVIII.
834 3737 902 3796 Jam
929 3749 958 3797 et
984 3741 1100 3798 sinistro

159 3834 250 3875 cornu
265 3817 414 3889 Romanis,
430 3819 480 3876 ubi
501 3820 645 3877 sociorum
659 3819 772 3894 equites
793 3817 932 3875 adversus
952 3817 983 3876 N
986 3818 1099 3878 umidas

156 3899 306 3968 stateram,
321 3907 488 3956 consertum
508 3897 645 3976 proelium
663 3905 734 3967 erat,
749 3915 839 3976 segne
860 3898 953 3975 primo
967 3906 996 3958 et
1009 3915 1028 3956 a
1041 3896 1098 3958 Pu·

1032 4099 1047 4132 b
