2717 4292
468 300 554 340 amaa
575 301 605 340 11.
648 281 717 340 dar.
733 297 827 342 ων.
1106 291 1146 351 55

152 428 316 507 premendae
345 428 438 505 plebis
471 431 611 506 putebant
643 429 893 508 recuperandique
922 429 1003 506 jura,
1029 446 1098 506 quo

151 517 262 566 extorta
275 509 439 566 messione
450 527 486 565 ac
497 510 527 566 vi
536 510 666 587 patribus
675 519 789 568 oesent:
809 511 840 566 in
853 510 955 586 primis
964 507 1098 566 Marcius

150 586 332 657 Coriolanus,
356 587 446 645 bostis
469 588 632 647 tribuniciae
658 590 822 666 potestatiss
851 589 905 646 “si
929 586 1096 646 annonam’'

149 666 934 822 liltg‘t'tttllltt„tffibfbffllt‘
952 668 1126 822 §illis

232 793 240 810 s
663 789 670 816 2

150 823 331 881 video-sub
354 825 461 900 jugum
488 825 602 893 missus,
616 835 766 901 tamquam
795 825 833 883 ab
852 826 1012 882 latronibus
1032 825 1095 882 red-

149 903 288 981 emptusl
321 902 445 981 ‚Egone
475 903 528 960 bas
551 903 736 980 indignitates
759 905 868 962 diutius
891 903 985 980 patiar
1006 923 1096 980 quam

149 1000 270 1039 necesse
289 981 356 1039 est?
396 981 592 1060 Tarquinium
613 1001 712 1060 regem
733 985 785 1059 qui
804 1002 861 1041 nnn
880 983 1008 1052 tulerim,
1022 983 1097 1040 Sici·

150 1062 234 1117 nium
256 1059 371 1118 sesami
412 1060 535 1119 Secedat
554 1080 642 1132 nunc,
657 1073 760 1120 avocet
779 1063 903 1138 plebem.
945 1061 1028 1119 Patet
1047 1063 1097 1119 via

151 1139 180 1196 in
195 1139 321 1197 Sacrum
335 1148 461 1197 montem
474 1139 603 1216 aliumue
617 1141 718 1199 eolles.
759 1141 886 1217 Rapiaut
899 1139 1046 1198 frumenta
1057 1159 1096 1197 ex
1108 1143 1146 1200 1⁰

151 1220 230 1296 agris
241 1219 355 1288 nostris,
366 1219 608 1294 quemadmodum
618 1221 702 1278 tertio
712 1239 787 1279 anuo
801 1239 941 1298 rapuere:
961 1218 1097 1278 fruantur

151 1316 275 1367 annona,
286 1317 376 1374 quam
387 1296 483 1356 brrcre
497 1317 551 1356 suo
565 1296 672 1356 secere.
716 1299 821 1357 Audeo
831 1299 938 1369 licere,
950 1300 1006 1356 boc
1018 1299 1097 1356 malo

151 1375 280 1446 domitos,
305 1377 382 1453 ipsos
408 1378 502 1454 potius
528 1377 657 1435 cultores
689 1396 826 1454 agrorum
854 1376 916 1435 scre
948 1396 1038 1454 quam
1064 1389 1098 1435 ut

152 1456 257 1512 armati
284 1473 338 1531 per
363 1457 555 1513 secessionem
583 1457 640 1514 coli
665 1449 866 1533 prohibeant.''
920 1455 1011 1514 Haud
1036 1465 1097 1512 tam

151 1533 238 1592 facile
267 1533 349 1591 dictu
376 1545 428 1604 est,
443 1534 648 1592 faciendumne
663 1534 759 1604 fuerit,
773 1553 863 1610 quam
882 1537 1008 1612 potuisse
1022 1534 1147 1593 arbi-lb

150 1623 210 1672 tror
223 1613 298 1684 fieri,
309 1623 342 1672 ut
351 1613 561 1672 conditionibus
574 1613 694 1671 laxandi
706 1633 860 1685 monam,
870 1622 900 1671 et
910 1613 1098 1671 tribuniciam

151 1702 329 1769 potestatem,
344 1702 373 1750 et
385 1693 482 1750 omnia
499 1693 597 1750 invitis
606 1693 677 1770 jura
690 1693 824 1770 imposita
837 1702 935 1770 patres
948 1692 1098 1750 demerent

150 1773 215 1828 sibi.
259 1771 386 1829 XXXV.
408 1772 448 1829 Et
462 1773 575 1830 senatui
595 1773 683 1830 nimis
702 1783 784 1830 atrox
798 1773 862 1830 visa
882 1771 1025 1830 sententia
1042 1782 1096 1841 est,

150 1860 180 1908 et
202 1851 318 1928 plebem
340 1851 385 1908 ira
405 1869 493 1928 prope
512 1851 651 1910 armavit:
673 1850 750 1910 same
771 1871 803 1908 se
821 1852 886 1928 jam
906 1852 984 1909 sicut
1001 1851 1097 1908 bostes

149 1931 219 2006 peti,
245 1931 311 1988 cibo
338 1932 476 2006 victuque
504 1929 652 1988 fraudari:
686 1931 874 2007 peregrinum
905 1930 1093 2000 frumentum,
1107 1935 1146 1990 2⁰

149 2028 217 2086 quae
241 2009 304 2066 sola
326 2010 465 2067 alimenta
486 2028 522 2066 ex
544 2011 691 2086 insperato
713 2009 829 2068 fortuna
851 2008 971 2079 dederit,
985 2009 1023 2066 ab
1044 2028 1096 2066 ore

150 2090 225 2165 rapi,
247 2089 303 2146 nisi
325 2088 400 2147 Gaio
424 2088 538 2146 Marcio
560 2089 650 2147 vincti
671 2089 815 2147 dedantur
837 2090 956 2158 tribuni,
979 2089 1036 2146 nisi
1059 2087 1096 2145 de

148 2177 233 2245 tergo
246 2167 339 2243 plebis
349 2167 490 2226 Romane
500 2168 637 2226 satisfiat:
657 2187 727 2226 eum
740 2170 796 2226 sibi
806 2169 975 2227 carnificem
988 2185 1097 2225 uorum

150 2256 294 2317 exortum,
308 2248 359 2323 qui
374 2257 424 2304 aut
437 2248 510 2305 mori
523 2256 575 2304 aut
587 2249 697 2305 servire
707 2248 819 2324 jubeat.
860 2247 895 2307 Iu
909 2258 1064 2306 exeuntem
1078 2265 1096 2304 e

149 2327 236 2384 curia
256 2327 381 2403 impetus
401 2325 497 2384 lactus
510 2335 593 2396 esset,
607 2328 638 2384 ni
658 2336 868 2404 peropportune
888 2328 998 2386 tribuni
1017 2325 1146 2386 diemib

150 2405 300 2462 dixissent.
342 2405 385 2463 Ibi
406 2405 451 2462 ira
464 2415 508 2463 est
528 2424 701 2482 suppressa:
721 2426 754 2464 se
771 2407 901 2484 judicem
915 2408 1049 2483 quisque,
1063 2425 1095 2462 sc

150 2483 301 2541 dominum
328 2486 395 2542 vite
418 2486 556 2560 necisque
580 2486 693 2543 inimici
716 2483 827 2543 lactum
855 2486 980 2542 videbat.
1020 2484 1096 2541 Cou-

150 2564 283 2640 temptim
304 2563 396 2640 primo
417 2562 548 2622 Marcius
568 2564 704 2621 audiebat
722 2564 816 2620 minas
835 2563 1023 2620 tribunicias:
1044 2580 1096 2619 au·

150 2643 214 2698 xilii
238 2661 297 2700 nou
321 2659 415 2718 poeuae
438 2642 488 2719 [us
511 2642 611 2700 datum
632 2641 687 2698 illi·
704 2642 844 2717 potestati,
865 2641 1015 2715 plebisque
1039 2657 1096 2696 non

150 2731 267 2797 patrum
281 2723 412 2780 tribunos
425 2741 500 2779 esse.
541 2720 599 2779 Sed
614 2720 686 2778 adeo
695 2717 809 2778 insensa
819 2729 881 2776 erat
894 2728 992 2776 coorta
1005 2718 1096 2793 plebs,
1107 2723 1147 2778 80

152 2809 184 2856 ut
197 2801 286 2857 unius
306 2819 393 2876 poena
406 2799 624 2877 defungendum
637 2808 715 2857 esset
734 2798 873 2876 patribus.
916 2797 1097 2855 Restiterunt

151 2888 248 2936 tamen
263 2879 386 2938 adversa
403 2879 513 2936 invidia
527 2880 630 2955 usique
648 2888 725 2948 sunt,
739 2897 799 2954 qua
816 2879 878 2936 suis
890 2878 1024 2955 quisque,
1037 2896 1097 2954 qua

151 2959 237 3017 totius
257 2957 367 3017 ordinis
386 2958 514 3017 viribus:
535 2976 571 3016 ac
591 2958 684 3036 primo
702 2967 813 3016 tentata
832 2976 880 3015 res
897 2967 951 3027 est,
964 2958 990 3015 si
1003 2957 1096 3033 dispo-

150 3038 213 3094 sitis
233 3038 397 3108 clientibus,
413 3035 598 3094 absterrendo
618 3036 748 3114 singulos
768 3056 787 3094 a
806 3038 979 3096 coitionibus
998 3037 1096 3095 conci-

150 3115 256 3192 liisque
277 3117 412 3193 disjicere
432 3134 495 3174 rem
515 3125 645 3192 possent:
668 3117 797 3173 universi
810 3115 913 3174 deinde
931 3119 1146 3194 processerett

150 3195 330 3272 -quidquid
358 3204 421 3254 erat
444 3204 559 3273 patrum
583 3212 647 3252 reos
670 3195 958 3271 diceres-precibus
980 3194 1096 3270 plebem

151 3284 348 3350 exposcentes,
364 3292 456 3331 unum
478 3274 534 3330 sibi
555 3273 651 3331 civem
674 3291 767 3330 uuum
787 3281 959 3341 senatorem,
973 3273 1000 3329 si
1016 3273 1096 3328 iuno-

151 3361 266 3410 centem
295 3352 443 3410 absolvere
471 3351 590 3422 nollent,
616 3371 667 3428 pro
693 3361 815 3409 nocente
839 3351 989 3408 donarent.
1030 3348 1096 3424 lpse

152 3449 220 3488 cum
248 3431 296 3489 die
325 3431 403 3489 dicta
429 3440 487 3489 non
514 3430 635 3502 adesset,
664 3439 883 3508 perseveratum
910 3429 941 3483 in
968 3429 1013 3483 ira
1040 3437 1094 3483 est.

153 3507 316 3567 Damnatus
340 3511 443 3568 absens
466 3511 497 3566 in
524 3504 647 3568 Volscos
670 3507 836 3566 exsulatum
861 3506 939 3575 abiit,
960 3504 1145 3566 minitausdll

172 3590 253 3648 atriae
266 3589 443 3665 hostilesque
461 3589 523 3665 jam
544 3598 606 3646 turn
627 3589 746 3666 spiritus
765 3603 880 3663 gerens.
922 3583 1096 3641 Venientem

153 3605 253 3726 boiaci
275 3669 566 3745 benigni-excepere,
587 3667 799 3744 benigniusque
819 3663 850 3720 in
870 3646 933 3720 dies
952 3663 1096 3735 colebant,

153 3765 210 3823 qun
223 3747 316 3824 major
332 3748 376 3804 ira
390 3748 421 3804 in
441 3764 510 3804 suos
523 3746 679 3815 eminebat,
694 3745 863 3820 crebreque
875 3761 955 3802 nunc
969 3743 1098 3819 querela

155 3825 330 3908 uunomiuoe
339 3826 582 3905 percipiebantur.
615 3823 747 3900 Hospitio
757 3823 892 3880 utebatur
901 3822 975 3881 Attii
985 3821 1096 3880 Tulliiz
