2717 4292
486 302 573 345 nurus
586 303 620 345 n.
662 304 728 346 cnr.
747 305 788 357 11,
801 305 832 346 x.
1113 297 1152 359 ⁶1

155 431 268 494 familia
288 432 425 492 dedicare
440 451 510 491 enm
524 433 666 512 templum
685 453 745 493 non
757 453 851 512 posse.
891 435 962 494 Non
974 434 1105 496 credide·

153 512 191 570 rit
212 511 325 584 sachun
348 531 386 570 an
410 521 524 570 tautum
544 515 641 572 animo
660 515 769 572 roboris
792 513 890 585 luerit,
904 534 961 574 uec
979 516 1106 576 traditur

152 602 268 665 certum
288 611 344 650 nec
365 593 563 667 interpretatio
579 603 624 650 est
647 592 761 650 facilis:
782 594 855 650 nihil
875 594 956 650 aliud
977 595 1013 652 ad
1033 615 1104 653 eum

152 673 289 730 nuntium
317 691 336 728 a
362 672 505 748 proposito
532 690 661 741 aversus,
682 691 773 749 quam
799 682 832 730 ut
854 673 982 730 cadaver
1004 673 1103 732 efferri

150 751 275 828 juberet,
287 760 390 808 tenens
403 759 513 826 postem
526 752 723 827 precationem
736 753 849 828 peragit
862 761 891 810 et
904 751 1018 810 dedicat
1030 756 1131 810 tem-b

150 828 244 908 plum.
287 828 363 886 Haeo
387 838 450 904 post
473 839 590 886 exactos
614 848 699 907 reges
721 830 799 887 domi
825 831 994 906 militiaeque
1019 843 1103 908 gesta

150 908 357 1044 prqmofanno:
378 907 652 966 indemnatus
670 910 786 979 iterum,
801 909 840 966 T.
855 908 1015 968 Lucretius
1034 929 1101 968 oon-

151 1007 186 1044 su
200 1007 233 1044 es
259 988 328 1044 acti.

191 1065 246 1124 IX.
267 1064 336 1123 lam
364 1064 520 1141 Tarquinii
548 1065 584 1123 ed
612 1065 733 1124 Lartem
762 1066 922 1138 Porsinam,
945 1066 1100 1126 Clusinum

151 1163 261 1221 regern,
276 1143 476 1222 perfugerant.
518 1143 572 1214 Ibi,
586 1146 735 1204 miscendo
754 1147 909 1204 consilinm
929 1165 1100 1223 precesque,
1112 1151 1149 1207 lo

148 1242 230 1282 nunc
252 1225 382 1294 orabant,
397 1243 435 1281 ne
456 1243 488 1282 se
508 1223 645 1282 oriundos
665 1244 703 1282 ex
724 1225 869 1294 Etruscis,
883 1225 1014 1302 ejusdem
1034 1244 1100 1283 san·

149 1303 248 1380 guinis
257 1304 449 1380 nominisque,
461 1313 581 1380 egentes
593 1303 730 1360 exsulare
744 1313 899 1379 pateretur,
909 1322 990 1362 nnnc
1003 1323 1102 1362 mone·

150 1383 219 1440 bant
243 1383 341 1453 etiam,
362 1400 400 1440 ne
423 1382 563 1440 orientem
584 1400 695 1439 morem
715 1382 843 1457 pellendi
866 1401 951 1460 reges
974 1373 1101 1441 inultum

149 1463 275 1536 sineret:
305 1462 376 1519 satis
396 1462 561 1519 libertatem
582 1461 676 1537 ipsam
703 1460 812 1518 habere
836 1460 1016 1520 dulcedinisz
1043 1462 1102 1519 nisi

149 1549 262 1618 quanta
282 1541 313 1598 vi
333 1541 465 1598 civitates
485 1559 553 1598 eam
572 1549 719 1616 expetant,
733 1549 815 1597 tanta
835 1558 928 1616 regna
947 1557 1034 1616 reges
1053 1539 1100 1597 de·
1112 1543 1150 1598 la

149 1619 277 1690 landant,
303 1620 415 1696 aequari
441 1638 556 1677 summa
583 1619 708 1676 infimis:
743 1618 816 1676 nihil
843 1617 1003 1688 excelsum,
1027 1618 1101 1678 nihil

148 1699 226 1775 quod
250 1715 341 1776 supra
363 1708 462 1758 cetera
485 1699 620 1767 emineat,
641 1699 673 1754 iu
700 1697 869 1756 civitatibus
892 1696 971 1755 fore:
999 1696 1101 1755 edesse

149 1779 239 1836 finem
266 1779 375 1854 regnis,
397 1779 440 1836 rei
467 1778 543 1835 iuter
570 1776 638 1834 deos
664 1777 853 1852 hominesque
883 1776 1098 1852 pulcherrimae.

148 1857 280 1927 Porsina,
306 1877 376 1915 cum
403 1875 503 1932 regem
529 1875 593 1914 esse
621 1855 732 1926 Romae,
756 1866 819 1913 tum
842 1855 978 1913 Etruscae
1004 1856 1101 1932 gentis

148 1955 261 2014 regern,
283 1937 413 2012 amplum
441 1934 549 1992 Tuscis
573 1945 662 2004 ratus,
687 1933 812 1992 Romam
838 1933 942 1991 infesto
967 1936 1149 1993 exercitnw

149 2017 240 2074 venit.
281 2015 351 2073 Non
365 2034 505 2090 umquam
520 2014 593 2071 alias
607 2024 673 2071 aute
691 2023 789 2071 tantus
802 2022 895 2070 terror
909 2022 1043 2070 senatum
1056 2013 1099 2068 in-

148 2096 234 2164 vasit,
250 2093 322 2152 adeo
335 2093 433 2152 valida
446 2113 494 2151 res
508 2103 570 2150 tum
586 2091 709 2150 Clusina
729 2101 793 2150 erat
812 2109 1011 2168 magnumque
1030 2090 1099 2148 Por·

147 2175 222 2232 sinae
236 2191 352 2231 nornen.
394 2173 461 2231 Nec
475 2173 570 2230 hostes
584 2171 667 2230 modo
685 2172 827 2228 timebant
838 2169 890 2227 sed
903 2180 1032 2228 suosmet
1044 2169 1099 2246 ipsi

147 2255 240 2323 cives,
256 2271 294 2310 ue
308 2252 441 2310 Romana
454 2251 545 2329 plebs,
560 2261 639 2308 metu
652 2251 799 2326 perculsa,
814 2249 938 2325 receptis
950 2248 982 2305 in
996 2249 1099 2306 urbem

148 2331 690 2486 {trittetttuttziitltttt
701 2330 859 2466 {tutti
869 2327 1147 2464 allinit?

148 2492 181 2548 in
205 2491 309 2568 primis
333 2430 431 2546 hallrite
454 2507 537 2557 cura,
557 2497 587 2546 et
608 2487 645 2545 ad
669 2486 847 2546 frumentum
871 2484 1099 2561 comparandum

149 2571 232 2627 missi
252 2570 306 2626 alii
326 2569 356 2625 in
370 2568 496 2626 Vulscos
517 2568 567 2624 alii
587 2566 715 2624 Cumas:
736 2565 806 2621 salis
824 2581 941 2639 qnoque
957 2562 1100 2619 vendendi

150 2649 314 2718 arbitrium,
330 2648 399 2724 quia
419 2647 549 2724 impenso
562 2645 653 2722 pretio
666 2643 794 2710 venibat,
807 2643 838 2697 in
857 2641 1008 2716 publicum
1021 2640 1100 2696 omni

149 2737 280 2804 sumptu,
296 2726 461 2802 ademptum
476 2725 612 2802 privatis:
634 2721 823 2800 portoriisque
839 2719 988 2777 attributo
1002 2717 1148 2795 plebesdll

149 2807 284 2876 liberata,
304 2816 338 2864 nt
356 2805 460 2863 divites
478 2802 652 2872 conferrent,
674 2801 726 2878 qui
745 2799 827 2860 oneri
847 2797 966 2858 ferendo
986 2806 1099 2856 essent:

150 2905 297 2964 pauperes
310 2887 380 2943 satis
399 2883 534 2960 stipendii
553 2880 729 2961 pendere,si
748 2879 854 2936 liberos
867 2877 1002 2938 educent.
1043 2876 1099 2935 lta-

149 2985 209 3042 que
224 2966 289 3024 haec
310 2963 491 3042 indulgentia
504 2971 629 3039 patrum,
644 2960 755 3039 asperis
773 2958 954 3036 postmodum
967 2958 1056 3015 rebus
1068 2958 1100 3014 in

149 3044 300 3104 obsidione
324 3063 360 3101 ac
382 3042 468 3112 fame,
490 3040 561 3098 adeo
581 3039 754 3100 concordem
777 3039 925 3096 civitatem
945 3037 1047 3106 tenuit,
1067 3045 1100 3094 ut

150 3125 268 3202 regium
287 3141 394 3180 nomen
413 3141 469 3179 non
484 3121 591 3178 summi
611 3120 706 3195 magis
718 3137 808 3195 quam
825 3117 918 3174 infimi
938 3116 1147 3186 horrerentdb

150 3222 207 3262 nec
229 3202 386 3279 quisquam
408 3219 485 3258 unus
508 3198 594 3256 malis
618 3199 728 3260 artibus
749 3207 847 3273 postea
868 3206 929 3257 tam
951 3195 1101 3271 popularls

150 3291 236 3352 esset,
252 3299 342 3358 qnam
356 3290 418 3340 tum
432 3282 506 3340 bene
520 3276 688 3357 imperando
701 3277 855 3340 universus
867 3284 986 3331 senatus
999 3272 1064 3331 fuit.

193 3361 233 3420 X.
255 3359 332 3418 Cum
354 3361 450 3418 hostes
472 3359 613 3428 adessent,
628 3375 681 3433 pro
699 3355 873 3432 aequisque
894 3353 924 3409 in
945 3352 1048 3407 urbem
1062 3368 1099 3406 ex

152 3441 233 3518 agris
254 3438 426 3516 demigrant,
442 3439 544 3496 urbem
567 3437 660 3513 ipsam
682 3435 806 3511 saepinnt
827 3429 977 3509 praesidiis.
1028 3427 1099 3484 Alia

152 3520 255 3588 muris,
266 3518 325 3575 alia
336 3518 438 3576 Tiberi
451 3517 563 3593 objecto
576 3515 749 3572 videbantur
762 3521 834 3569 tuta.
870 3508 945 3565 Pons
957 3507 1145 3570 subliciusw

153 3600 209 3657 iter
230 3617 313 3676 paene
341 3599 471 3655 hostibus
498 3595 584 3666 dedit,
608 3595 638 3652 ni
661 3613 738 3651 unus
760 3592 805 3649 vir
829 3588 930 3646 fuisset
959 3585 1099 3644 Horatius

153 3679 276 3736 Cocles:
296 3677 327 3736 id
347 3678 560 3735 munimentum
580 3674 632 3732 illo
651 3673 698 3730 dle
721 3671 835 3730 fortuna
857 3668 938 3724 urbis
959 3666 1100 3728 Romane

154 3757 273 3816 habuit:
294 3757 348 3834 qui
367 3757 476 3834 positus
496 3755 569 3812 forte
589 3754 620 3810 iu
640 3753 761 3810 statione
775 3749 877 3826 pontis,
892 3766 961 3807 oum
980 3756 1099 3823 captum

154 3837 306 3914 repentino
318 3837 428 3914 impetu
448 3833 619 3896 Jauioulnm
639 3840 726 3912 atque
739 3829 807 3892 indo
820 3829 922 3892 citatos
941 3825 1099 3890 decurrere
