2717 4292
441 305 527 345 araca
544 306 617 344 xxn.
658 305 724 346 cnr.
741 305 824 358 nvur,
840 305 900 346 mx.
1105 297 1163 364 189

172 433 210 491 ab
237 433 321 491 Ostia
342 434 423 491 mille
447 444 476 492 et
503 437 672 512 quingentos
697 435 811 504 milites,
834 453 905 510 quos
933 435 964 492 in
990 434 1116 496 classem

170 513 294 589 scriptos
314 512 447 583 habebat,
462 513 595 583 Romam,
611 524 643 572 ut
663 515 728 571 urbi
742 514 874 590 prasidio
887 525 991 586 essent,
1012 511 1114 575 mitirt:

169 593 241 668 ipse,
265 591 379 668 legione
400 593 601 650 classica—ea
620 594 696 670 legio
710 594 795 650 tertia
808 603 978 650 erat-cum
992 594 1115 654 tribunis

77 713 80 720 .
170 671 296 727 militum
318 670 454 728 Teanum
474 671 637 730 Sidicinum
660 673 818 749 praemissa,
840 673 934 729 classe
955 674 1058 732 tradita
1079 674 1111 732 P.

169 749 261 806 Furio
273 749 366 806 Philo
384 749 513 825 collegoe,
529 769 636 827 paucos
656 760 718 826 post
738 750 799 807 dies
819 751 978 808 Canusium
1000 754 1142 830 megnis5

168 828 321 886 itineribus
335 829 488 887 contendit.
530 829 600 887 Inde
620 829 742 887 dictator
762 848 798 886 ex
814 831 983 888 auctoritate
998 844 1110 906 patrum

168 906 264 964 dictus
284 906 325 963 M.
341 906 449 965 Junius
469 919 497 966 et
523 909 590 966 Tib.
606 908 793 984 Sempronius
814 909 951 986 magister
972 912 1110 984 equitum,

168 985 281 1043 dilectu
300 987 403 1055 edicto,
421 988 552 1063 juniores
570 988 605 1045 ab
620 989 703 1044 annis
717 988 919 1063 septemdecim
934 998 962 1045 et
973 990 1111 1064 quosdam

168 1074 350 1141 praetextatos
372 1067 518 1124 scribunt:
547 1075 682 1143 quattuor
706 1086 743 1123 ex
768 1067 813 1124 his
833 1067 961 1144 legiones
982 1076 1010 1125 et
1032 1069 1111 1126 mille

167 1144 281 1218 equites
304 1142 410 1202 effecti·
452 1145 524 1203 ltem
548 1146 583 1202 ad
607 1147 700 1203 socios
728 1143 922 1221 Latinumque
946 1164 1050 1204 nomen
1074 1148 1159 1206 adio

167 1223 276 1279 milites
296 1242 332 1278 ex
357 1222 481 1280 formula
502 1224 685 1300 accipiendos
699 1225 830 1282 mittunt:
853 1244 942 1295 orma,
967 1227 1035 1296 tela,
1051 1227 1110 1283 alia

167 1302 265 1376 parari
282 1301 395 1377 jubent,
410 1312 439 1360 et
452 1313 552 1361 vetera
572 1303 663 1379 spolia
683 1303 807 1368 hostium
822 1303 976 1362 detrahunt
995 1306 1109 1381 templis

204 1380 393 1456 rticibusque.
448 1381 488 1440 Et
512 1383 600 1440 aliam
625 1379 747 1438 formam
770 1383 837 1440 novi
865 1382 987 1439 dilectus
1013 1383 1110 1460 inopia

178 1459 325 1516 iberorum
346 1461 474 1537 capitum
493 1479 529 1518 ac
542 1461 700 1518 necessitas
719 1458 813 1517 dedit:
835 1470 898 1517 octo
918 1461 1009 1518 millia
1026 1461 1108 1536 juve-

166 1556 238 1594 num
260 1536 424 1597 validorum
445 1559 482 1597 ex
505 1540 639 1607 servitiis,
667 1538 748 1615 prius
770 1538 949 1596 sciscitantes
970 1539 1108 1616 singulos,
1121 1545 1157 1598 15

166 1617 313 1674 vellentne
324 1618 459 1688 militare,
469 1628 497 1676 et
511 1628 607 1694 empta
620 1617 735 1694 pubIIce
745 1627 946 1675 armaverunt:
967 1618 1015 1674 hic
1025 1619 1109 1677 miles

165 1697 261 1831 gregis
276 1697 395 1772 placuit,
410 1717 479 1761 curn
492 1699 583 1776 pretio
596 1698 707 1754 mInore
717 1695 874 1754 redimendi
889 1697 1016 1775 captivos
1027 1698 1109 1774 copia

187 1786 258 1832 eret.

205 1853 317 1914 LVIII.
333 1855 470 1932 Namque
482 1854 629 1913 Hannibal
644 1854 806 1913 secundum
820 1863 879 1912 tom
893 1873 1059 1932 prosperam
1070 1855 1106 1913 ad

164 1931 283 1991 Cannas
311 1954 439 2012 pugnam
467 1936 583 1993 victoris
611 1935 705 2010 magis
731 1953 819 2010 quam
845 1934 953 1992 bellum
981 1937 1107 2011 gerentis
1117 1938 1157 1993 20

165 2012 294 2070 intentus
328 2015 417 2084 curis,
443 2033 521 2084 cum,
550 2013 671 2088 captivis
706 2012 851 2089 productis
879 2014 1105 2090 segregatisque,

165 2093 268 2162 socios,
290 2093 367 2150 siout
394 2103 460 2150 ante
485 2093 521 2150 ad
546 2092 686 2149 Trebiam
710 2090 973 2166 Trasimenumque
997 2092 1105 2162 lacum,

165 2170 290 2247 benigne
306 2172 458 2242 allocutus,
474 2172 536 2229 sine
551 2171 641 2247 pretio
655 2170 818 2240 dimisisset,
834 2170 979 2228 Romanos
993 2189 1106 2248 quoque

166 2250 399 2326 vocatos-quod
412 2270 562 2327 nunquam
583 2251 656 2306 alias
676 2251 871 2307 antea—satis
892 2250 954 2308 miti
974 2269 1106 2308 sermone

165 2327 341 2404 alloquitur:
373 2349 430 2387 non
457 2329 670 2386 internecivum
698 2329 752 2386 sibi
780 2348 843 2386 esse
870 2347 939 2387 cum
966 2329 1106 2388 Romanis
1117 2333 1151 2386 25

165 2405 295 2480 bellum;
326 2408 361 2466 de
389 2409 526 2485 dignitate
550 2420 636 2484 atque
659 2407 779 2483 imperio
800 2417 931 2466 certare:
961 2417 989 2465 et
1010 2418 1105 2484 patres

165 2486 266 2544 virtuti
287 2488 428 2545 Romanae
447 2487 578 2556 cessisse,
593 2495 667 2542 etse
681 2485 711 2542 id
732 2485 830 2554 adniti,
846 2495 878 2542 ut
892 2504 953 2542 suae
967 2488 996 2541 in
1012 2487 1105 2543 vicem

164 2566 253 2623 simul
277 2565 409 2624 felicitati
429 2575 458 2624 et
478 2566 577 2623 virtuti
599 2563 729 2621 cedatur.
749 2575 753 2582 '
771 2562 871 2638 Itaque
894 2563 1052 2620 redimendi
1073 2584 1104 2622 se

164 2645 288 2720 captivis
299 2646 412 2722 copiam
426 2645 539 2702 facere:
561 2643 686 2720 pretium
698 2641 757 2699 fore
767 2641 798 2697 in
812 2641 907 2716 capita
920 2641 1010 2716 equiti
1023 2643 1105 2716 quin-

164 2741 254 2798 genos
274 2725 460 2800 quadrigatos
480 2742 622 2791 nummos,
640 2731 771 2778 trecenos
791 2720 887 2795 pediti,
907 2738 989 2776 servo
1010 2730 1104 2776 cente·
1116 2725 1154 2778 30

165 2820 225 2858 nos.
269 2803 457 2878 Quamquam
469 2803 649 2878 aliquantum
664 2798 854 2876 adjiciebatur
868 2798 1011 2874 equitibus
1026 2798 1061 2855 ad
1075 2798 1105 2856 Id

165 2881 300 2956 pretium,
315 2882 391 2958 quod
416 2882 585 2958 pepigerant
605 2880 739 2938 dedentes
759 2897 799 2948 se,
814 2877 873 2936 laeti
893 2887 990 2935 tamen
1004 2897 1102 2954 quam-

165 2978 293 3035 cumque
307 2961 496 3018 conditionem
510 2957 676 3036 paciscendi
697 2967 891 3032 acceperunt:
913 2958 1025 3033 placuit
1044 2956 1103 3016 suf-

166 3036 260 3114 fragio
283 3040 413 3116 ipsorum
439 3038 542 3096 decem
567 3037 663 3114 deligi,
686 3038 738 3112 qui
761 3036 884 3094 Romam
905 3037 945 3094 ‘ad
972 3047 1104 3095 senatum

167 3117 257 3175 irent:
279 3137 334 3175 nec
349 3119 453 3195 pignus
468 3115 549 3174 aliud
562 3115 639 3186 fidel,
653 3134 742 3191 quam
756 3125 788 3173 ut
805 3117 939 3192 jurarent
952 3135 983 3174 se
998 3117 1102 3174 reditu·
1116 3123 1149 3177 35

166 3213 220 3265 roa,
236 3206 402 3274 acceptum.
445 3196 553 3253 Missus
567 3214 636 3252 curn
650 3195 695 3253 his
708 3194 846 3252 Carthalo
866 3195 969 3252 nobilis
983 3195 1101 3252 Cartha-

165 3275 314 3350 giniensis,
329 3275 389 3351 qui,
405 3276 430 3333 si
452 3273 523 3333 Ibrte
538 3272 574 3331 ad
595 3292 698 3351 pacem
712 3274 888 3330 inclinarent
901 3273 1021 3342 animos,
1036 3291 1102 3329 con-

164 3351 286 3412 ditiones
301 3352 398 3412 ferret.
439 3353 516 3412 Cum
535 3353 646 3429 egressi
667 3352 771 3410 castris
791 3359 894 3420 essent,
910 3368 987 3407 unus
1001 3369 1038 3407 ex
1057 3352 1102 3420 iis,

164 3433 284 3490 minime
300 3432 425 3490 Romani
438 3433 547 3509 ingenii
559 3433 651 3501 homo,
663 3430 755 3488 veluti
769 3428 879 3504 aliquid
893 3427 1007 3498 oblitus,
1016 3428 1102 3502 juris·

162 3506 280 3585 jurandi
290 3512 420 3569 solvendi
431 3531 522 3569 causa
532 3529 602 3569 cum
616 3511 646 3566 iu
660 3518 756 3567 castra
771 3508 898 3576 redisset,
911 3516 977 3564 ante
991 3517 1104 3565 noctem
1114 3517 1151 3570 40

163 3591 283 3647 comites
304 3592 480 3666 assequitur.
522 3590 580 3648 Ubi
602 3588 725 3645 Romam
746 3588 846 3643 venire
871 3605 919 3642 eos
940 3587 1111 3666 nuntiatum⁴

163 3679 215 3730 est,
230 3668 400 3726 Carthaloni
420 3670 535 3726 obviam
552 3668 636 3724 lictor
656 3667 771 3734 missus,
786 3665 836 3740 qui
850 3664 995 3721 dictatoris
1009 3665 1105 3723 verbis

162 3757 320 3818 nuntiaret,
347 3759 379 3806 ut
403 3758 468 3806 ante
496 3757 610 3806 noctem
634 3744 788 3802 excederet
815 3744 921 3800 finibus
948 3742 1104 3808 Romanis:

163 3823 245 3885 LIX.
267 3827 373 3906 legatis
393 3829 574 3904 captivorum
594 3834 713 3883 senatus
735 3823 772 3881 ab
792 3823 931 3881 dictatore
951 3821 1036 3881 datus
1049 3832 1103 3882 est.
