2717 4292
485 351 615 394 111111.
656 352 723 394 css.
738 353 810 394 111.
1099 351 1140 414 33

145 500 236 541 vere:
266 491 297 540 et
319 500 372 540 nos
396 481 542 559 peregrini
567 483 771 560 regnavimus:
801 484 853 560 qui
874 485 924 555 sis,
938 503 996 542 non
1017 483 1096 544 unde

147 571 236 620 natus
255 563 306 631 sis,
321 572 441 637 reputa:
467 562 556 618 situs
577 580 608 618 re
629 563 724 619 subita
744 564 865 620 consilia
884 574 1005 640 torpent,
1020 575 1049 622 at
1062 573 1095 623 tu

148 660 215 698 mea
236 641 358 698 consilia
377 639 534 716 sequere.''
575 641 651 698 Cum
671 642 782 699 clamor
802 642 984 718 impetusque
997 644 1094 700 multi·

148 720 258 778 tudinis
278 721 327 776 vix
351 719 487 776 sustineri
511 729 614 795 posset,
636 739 673 776 ex
704 720 852 796 superiore
881 732 962 798 parte
989 722 1095 780 tedium

148 818 201 876 per
216 797 358 856 fenestras
378 799 409 854 in
429 799 627 856 novamviam
641 799 930 856 versus-habitabat
949 802 1027 858 enim
1043 804 1124 859 1115

149 877 187 935 ad
209 876 293 936 Jovis
320 877 619 954 Statoris-populum
644 876 791 953 Tanaquil
813 877 986 954 alloquitur:
1012 879 1096 954 jubet

150 955 224 1014 bono
239 957 335 1014 animo
348 975 429 1014 esse:
450 957 574 1032 sopitum
585 954 673 1014 fuisse
687 973 788 1034 regem
797 957 892 1015 subito
905 958 976 1027 ictu,
987 956 1095 1016 sermm

150 1035 230 1094 baud
245 1035 302 1092 alte
323 1035 353 1091 11
374 1053 479 1112 corpus
498 1034 698 1092 descendisse:
716 1037 779 1112 jam
797 1034 835 1092 ad
855 1055 887 1094 se
906 1036 1032 1094 redisse:
1052 1038 1095 1094 in·

149 1123 283 1189 spectum
298 1114 405 1171 vulnus
420 1115 546 1172 absterso
559 1131 673 1185 cruore,
685 1115 782 1172 omnia
794 1115 925 1172 salubria
934 1135 1014 1174 esse:
1028 1134 1094 1174 con

149 1192 250 1262 fidere,
274 1210 361 1268 prope
384 1191 462 1250 diem
486 1193 581 1268 ipsum
604 1212 654 1250 eos
678 1195 802 1251 visuros.
852 1193 972 1252 Interim
992 1194 1140 1254 Serviolo

150 1271 253 1329 Tullio
272 1271 377 1348 jubere
396 1271 534 1348 populum
554 1271 630 1329 dioto
651 1271 817 1330 audientem
837 1292 918 1330 esse:
939 1292 1007 1332 eum
1026 1273 1096 1349 jura

150 1350 334 1408 redditurum
351 1351 555 1425 obiturumque
576 1349 634 1408 alia
648 1351 727 1426 regis
747 1352 847 1409 munia
859 1366 934 1409 eme.
975 1352 1096 1410 Servius

150 1447 220 1486 cum
234 1429 336 1487 trabea
349 1439 378 1486 et
398 1429 547 1486 lictoribus
561 1428 662 1504 prodit,
678 1447 714 1486 ac
734 1428 803 1486 sede
817 1431 899 1504 regia
917 1430 1022 1488 sedem
1038 1430 1096 1488 alia

150 1509 291 1577 decernit,
305 1507 342 1565 de
357 1509 422 1566 aliis
436 1507 638 1565 consulturum
651 1526 683 1564 se
697 1525 797 1586 regem
810 1527 874 1566 esse
887 1509 1022 1567 simulat:
1044 1510 1095 1566 ita-

149 1607 208 1663 que
232 1605 285 1663 per
304 1587 414 1662 aliquot
437 1587 508 1656 dies,
530 1605 599 1644 cum
620 1587 683 1662 jam
710 1587 884 1663 exspirasset
907 1587 1096 1662 Tarquinios,
1108 1589 1143 1644 15

149 1667 247 1724 celata
266 1676 366 1736 morte,
386 1684 438 1742 per
459 1665 585 1742 speciem
610 1664 714 1724 alienae
734 1664 887 1743 fungendae
906 1666 979 1724 vicis

149 1765 221 1803 suas
240 1765 309 1822 opes
326 1745 461 1803 firmavit.
504 1743 583 1803 Tum
599 1743 716 1801 demum
734 1746 831 1820 palam
849 1743 976 1802 iactum:
1017 1762 1047 1803 u.
1066 1765 1094 1804 c.

149 1835 179 1883 et
203 1824 428 1900 comploratione
448 1824 479 1880 iu
503 1823 585 1900 regia
607 1833 678 1893 orta,
696 1822 826 1893 Servius,
846 1824 977 1899 praesidio
1027 1827 1094 1883 176.

151 1904 235 1963 firmo
264 1903 401 1973 munitus,
426 1903 537 1980 primus
564 1901 677 1978 injussu
705 1903 802 1979 populi
830 1903 976 1962 voluntate
1015 1921 1046 1962 s.
1066 1921 1093 1962 c.

150 1993 268 2059 patrum
290 1983 431 2058 regnavit.
475 1981 554 2038 Anci
578 1980 661 2038 liberi
681 1981 743 2056 jam
766 1992 828 2041 tum
850 2000 978 2058 compre·
1024 1984 1144 2041 571120

149 2062 251 2120 heusis
264 2061 385 2118 sceleris
404 2061 551 2130 ministris,
567 2069 598 2118 ut
612 2061 712 2119 111111
726 2079 826 2138 regem
840 2070 869 2118 et
884 2071 979 2118 tantas

149 2161 216 2199 esse
231 2159 301 2217 opes
315 2139 410 2198 Servii
423 2140 588 2198 nuntiatum
599 2149 650 2210 est,
660 2139 799 2198 Suessam
810 2138 968 2198 Pometiam
980 2138 1095 2198 exsula-

149 2230 214 2279 tum
229 2220 335 2278 ierant.

193 2297 289 2357 XLV.
314 2298 411 2356 Aucta
425 2298 541 2356 civitate
556 2297 753 2375 magnitudine
767 2297 856 2369 urbis,
867 2296 996 2357 formatis
1005 2301 1094 2357 omni-

144 2378 207 2437 bus
221 2377 298 2435 domi
319 2387 348 2435 et
368 2377 404 2434 ad
422 2377 491 2434 belli
512 2386 540 2434 et
561 2377 596 2434 ad
617 2378 698 2453 pacis
719 2395 799 2446 usus,
814 2395 852 2434 ne
872 2397 987 2455 semper
1006 2379 1094 2436 armis
1104 2381 1142 2436 a:

151 2476 220 2533 opes
235 2456 464 2532 acquirerentur,
480 2457 598 2514 00111110
612 2474 720 2532 augere
735 2457 889 2532 imperium
904 2466 1024 2515 conatus
1043 2468 1095 2528 est,

151 2535 241 2592 simul
256 2546 285 2592 et
299 2534 413 2610 aliquod
435 2535 538 2592 addere
553 2535 618 2592 urbi
632 2534 731 2592 decus.
771 2533 789 2590 J
791 2554 838 2591 am
852 2544 914 2591 tum
926 2544 990 2592 erat
1003 2535 1095 2610 incly-

152 2623 215 2672 tum
229 2613 335 2672 Dianae
349 2613 482 2691 presiae
497 2612 608 2670 fanum.
650 2611 683 2670 Id
697 2613 887 2669 communiter
900 2630 919 2669 a
933 2614 1097 2670 civitatibus

153 2694 237 2751 Asiae
261 2692 371 2751 iactum
396 2691 473 2750 sama
496 2690 616 2750 ferebat.
672 2690 752 2747 Eum
776 2708 949 2748 consensum
972 2689 1096 2766 deosque

152 2773 333 2831 consociatos
341 2772 462 2829 laudare
473 2772 545 2828 mire
556 2769 676 2828 Servius
684 2770 760 2826 inter
773 2787 906 2846 proceres
918 2767 1095 2841 Latinorum,
1106 2773 1143 2828 30

153 2869 223 2908 cum
243 2851 350 2928 quibus
369 2849 484 2927 publice
505 2849 698 2928 privatimque
711 2848 834 2925 hospitia
847 2850 1047 2926 amicitiasque
1061 2850 1097 2909 de

152 2930 297 2988 industria
308 2930 462 3007 junxerat:
483 2948 559 3005 saepe
569 2927 699 2986 iterando
709 2927 820 2998 eadem,
832 2929 957 3005 perpulit
970 2930 1095 3001 tandem,

153 3021 186 3066 ut
200 3009 303 3068 Romae
316 3007 416 3066 fanum
430 3007 533 3066 Dianae
547 3007 644 3084 populi
658 3005 756 3065 Latini
767 3025 836 3064 cum
848 3009 952 3084 populo
965 3008 1097 3068 Romano
1186 3063 1191 3072 .

153 3086 296 3146 facerent.
338 3088 386 3145 Ea
399 3097 461 3148 erat
473 3085 631 3156 confessio,
653 3096 741 3163 caput
761 3105 859 3144 rerum
880 3087 1003 3146 Romam
1022 3107 1095 3159 esse,

152 3163 188 3224 de
202 3186 262 3244 quo
276 3167 358 3225 toties
372 3166 616 3228 armis-certatum
630 3163 735 3223 fuerat.
777 3165 810 3224 ld
822 3185 1000 3243 quamquam
1012 3168 1096 3226 omis-
1106 3169 1144 3224 35

152 3265 219 3304 surn
231 3246 294 3321 jam
308 3265 345 3304 ex
357 3246 487 3304 omnium
500 3263 573 3303 cura
586 3243 766 3315 Latinorum,
780 3245 817 3302 ob
830 3264 891 3302 rem
907 3246 990 3302 toties
1003 3244 1096 3302 infeli-

152 3325 228 3384 citer
239 3334 381 3382 tentatam
395 3324 483 3382 armis
496 3324 655 3395 videbatur,
667 3324 719 3382 uni
732 3343 763 3382 se
777 3341 814 3380 ex
827 3323 942 3380 Sabinis
956 3321 1015 3380 fors
1027 3321 1097 3379 dare

152 3404 217 3461 visa
244 3413 289 3461 est
316 3404 427 3480 privato
450 3404 569 3461 consilio
595 3404 708 3479 imperii
736 3401 936 3477 recuperandi.
986 3399 1044 3457 Bos
1066 3401 1098 3456 11

153 3482 271 3540 Sabinis
287 3492 356 3540 nata
369 3481 486 3540 cuidam
506 3480 699 3558 patrifamiliae
712 3481 827 3550 dicitur,
842 3476 973 3535 miranda
986 3477 1097 3553 magni-

153 3561 254 3619 tudine
283 3579 318 3619 ac
345 3562 450 3637 specie.
502 3560 577 3618 Fixa
604 3579 656 3637 per
679 3558 786 3616 multas
801 3564 911 3614 -aetates
933 3573 1044 3613 cornua
1067 3555 1146 3613 1110

154 3638 298 3698 vestibulo
318 3639 418 3717 templi
438 3638 548 3696 Dianae'
561 3648 779 3696 monumentum
792 3637 826 3694 ei·
841 3633 923 3692 suere
944 3634 1096 3692 miraculo.

155 3717 274 3788 Habita,
296 3728 419 3788 uteret,
442 3737 488 3775 res
510 3717 631 3795 prodigii
654 3717 718 3774 loco
732 3726 783 3784 est,
804 3714 1096 3782 110111111111111,

153 3798 241 3874 cujus
268 3798 394 3856 civitatis
420 3815 486 3854 eam
512 3797 592 3854 cives
618 3794 722 3852 Diana:
745 3792 948 3864 immolassent,
973 3790 1013 3848 ibi
1037 3790 1097 3846 l'ore

154 3875 328 3954 imperium:
359 3875 445 3954 idque
469 3892 589 3933 carmen
612 3881 785 3948 pervenerat
803 3870 840 3929 ad
863 3870 1018 3928 antistitem
1038 3865 1099 3925 1111
