2717 4292
496 305 583 348 maan
599 306 662 348 xxi.
706 308 772 348 car.
794 308 857 349 ιιι.
1115 295 1173 356 109

175 458 254 498 cero.
291 437 398 497 Sedato
411 438 529 495 tandem
541 437 658 497 fremitu
673 458 843 517 responsum
854 439 958 519 legatis
968 450 1019 510 est,
1031 459 1127 519 neque

174 520 376 579 Romanorum
390 519 421 574 in
442 538 473 575 se
489 520 623 576 meritum
645 539 708 577 esse
730 538 824 595 neque
841 520 1127 598 Carthaginiensium

174 600 323 676 injuriam,
338 599 374 656 ob
397 616 463 674 quae
485 608 536 655 aut
558 618 609 676 pro
630 599 770 657 Romanis
792 609 841 657 aut
860 600 999 657 adversus
1021 600 1127 659 Poenos

174 690 292 738 sumant
308 697 406 736 arma:
429 687 529 735 contra
543 697 578 735 ea
600 679 701 736 audire
722 699 795 748 sese,
809 681 904 756 gentis
918 699 979 736 suae
996 681 1126 738 homines

175 778 246 837 agro
260 759 426 834 finibusque
441 756 534 815 ltaliae
547 758 615 835 pelli
637 777 654 815 a
675 760 781 837 populo
795 757 925 817 Romano
939 761 1156 836 stipendium-5

174 859 232 915 que
255 838 383 915 pendere
408 848 436 895 et
461 846 559 894 cetera
582 837 703 916 indigna
729 839 798 915 pati.
842 837 954 895 Eadem
980 838 1070 896 serme
1094 842 1124 897 in

174 920 282 977 ceteris
297 917 403 976 Galliae
414 915 546 975 concilhs
560 916 637 975 dicta
648 918 814 994 auditaque,
824 936 879 975 nec
891 918 1029 994 hospitale
1042 919 1125 995 quid·

174 1017 265 1075 quam
292 1006 466 1074 pacatumve
490 996 559 1053 satis
586 998 667 1073 prius
695 998 827 1055 auditum
850 1016 939 1074 quarn
964 997 1126 1057 Massiliam

174 1096 292 1135 venere.
334 1075 379 1135 Ibi
399 1077 497 1134 omnia
519 1076 557 1132 ab
577 1078 662 1134 sociis
682 1078 820 1154 inquisita
834 1096 903 1135 cum
923 1096 997 1135 cura
1011 1096 1047 1135 ac
1067 1078 1124 1136 lide

174 1158 300 1249 cognita,
316 1167 530 1234 praeoccupatos
549 1156 611 1231 jam
635 1165 701 1214 ante
724 1158 760 1213 ab
782 1156 948 1215 Hannibale
970 1157 1123 1215 Gallorum
1136 1164 1171 1219 ln

174 1239 287 1294 animos
308 1256 389 1294 essa:
413 1236 463 1293 sed
482 1254 519 1292 ne
540 1235 583 1292 illi
597 1236 743 1312 quidem
734 1237 789 1315 ipsi
803 1237 873 1293 satis
886 1238 985 1294 mitem
1006 1247 1132 1331 gentem

175 1315 349 1374 fore—adeo
364 1313 472 1405 ferpcia
493 1324 579 1392 atque
601 1316 768 1373 indomita
759 1316 877 1391 ingenia
897 1336 1042 1408 essa—m
1034 1300 1132 1375 ‘-sub

173 1395 241 1453 inde
266 1414 347 1465 auro,
363 1395 449 1471 cujus
474 1394 641 1452 avidissIma
662 1414 736 1473 gens
763 1404 814 1465 est,
841 1396 1005 1471 principum
1034 1397 1123 1453 animi

173 1476 377 1533 concilientur
420 1474 464 1532 lta
485 1475 646 1551 peragratis
667 1474 818 1549 Hispaniae
832 1484 860 1531 et
882 1473 988 1531 Galliae
1009 1476 1123 1551 populis

172 1554 263 1633 legati
276 1554 398 1611 Romam
414 1554 543 1624 redeunt,
559 1553 659 1611 haud'
652 1564 692 1611 ita
707 1554 797 1611 multo
811 1564 974 1629 postquam
989 1555 1123 1612 consules
1135 1562 1173 1617 15

172 1635 203 1691 in
219 1635 385 1712 provincias
406 1633 526 1711 profecti
548 1642 640 1691 erant.
684 1633 838 1691 Civitatem
858 1652 973 1690 omnem
994 1635 1024 1689 in
1038 1652 1123 1710 expe·

172 1724 232 1772 ctat
221 1715 328 1773 tionem
344 1714 412 1771 belli
433 1723 562 1771 erectam
576 1713 758 1784 invenerunt,
766 1704 844 1771 satis
865 1722 1013 1771 constante
1035 1712 1121 1785 fama,

171 1794 233 1873 jam
247 1793 366 1851 Iberum
381 1793 486 1851 Poenos
500 1794 704 1851 transmisisse.

214 1872 295 1932 XXI.
319 1872 478 1943 Hannibal,
493 1872 623 1949 Sagunto
637 1882 730 1948 capto,
745 1872 952 1951 Carthaginem
966 1893 1071 1931 novam
1091 1875 1122 1931 in

170 1952 294 2011 hiberna
315 1962 507 2022 concesserat,
530 1953 627 2028 ibique
652 1952 765 2022 auditis,
783 1972 850 2029 quoe
875 1952 975 2010 Romae
998 1960 1171 2030 quaeque20

170 2032 349 2111 Carthagine
365 2043 430 2090 acta
440 2032 616 2108 decretaque
628 2030 728 2102 forent,
738 2051 828 2108 seque
843 2052 899 2090 non
911 2032 1015 2089 ducem
1027 2033 1121 2090 solum

170 2112 322 2170 sedetiam
337 2132 457 2170 causam
472 2132 535 2169 esse
550 2112 627 2181 belli,
638 2113 751 2187 partitis
763 2112 974 2188 divenditisque
990 2113 1121 2190 reliquiis

170 2191 290 2269 praedae,
305 2193 376 2250 nihil
392 2193 469 2249 ultra
482 2190 673 2248 differendum
685 2202 774 2262 ratus,
786 2191 910 2269 Hispani
921 2194 1036 2268 generis
1047 2194 1120 2250 mili-

170 2281 215 2330 tes
237 2282 386 2329 convocat.
430 2271 551 2329 “Credo
572 2290 626 2348 ego
646 2270 729 2340 vos,''
748 2272 850 2348 inquit,
873 2279 892 2307 “
901 2273 981 2341 socii,
996 2282 1025 2330 et
1045 2273 1121 2349 ipsos

170 2370 303 2419 cernere,
319 2352 428 2427 pacatis
442 2351 575 2408 omnibus
593 2350 745 2427 Hispaniae
758 2353 878 2428 populis,
894 2362 945 2409 aut
963 2353 1120 2410 finiendam
1130 2357 1167 2412 25

170 2432 254 2489 nobis
277 2431 408 2488 militiam
423 2432 628 2506 exercitusque
649 2430 831 2488 dimittendos
845 2451 918 2501 esse,
934 2442 985 2488 aut
1002 2433 1032 2489 in
1047 2432 1120 2491 alias

170 2520 264 2569 terras
291 2510 525 2568 transferendum
547 2511 674 2570 bellum:
707 2511 747 2567 ita
769 2511 848 2566 enirn
869 2511 915 2566 hae
937 2520 1038 2587 gentes
1063 2530 1117 2568 non

169 2591 253 2667 pacis
267 2590 361 2647 solum
376 2590 425 2647 sed
447 2592 534 2647 etiarn
556 2590 685 2647 victoriae
686 2589 780 2645 bonis
794 2589 945 2655 florebunt,
960 2589 984 2645 si
1004 2608 1040 2645 ex
1055 2590 1120 2647 aliis

191 2670 308 2727 entibus
336 2670 463 2747 praedam
491 2680 519 2728 et
546 2670 669 2747 gloriam
697 2686 871 2743 quaeremus.
924 2666 1026 2759 Itaque
1051 2686 1120 2725 cum

169 2690 332 2827 Hnginqua
352 2770 370 2807 a
391 2749 473 2806 domo
493 2751 579 2807 instet
600 2748 737 2816 militia,
728 2757 929 2823 incertumque
944 2747 989 2815 sit,
1005 2747 1120 2840 quando
1131 2756 1169 2809 30

110 2828 116 2840 “
169 2829 270 2887 domos
286 2840 396 2887 vestras
413 2839 442 2887 et
463 2848 529 2923 quae
544 2829 650 2904 cuique
671 2828 711 2884 ibi
726 2845 796 2885 cara
816 2836 884 2884 sunt
903 2826 995 2883 visuri
1009 2826 1079 2896 sitis,
1094 2828 1120 2885 si

169 2910 237 2985 quis
251 2920 381 2967 vestrum
403 2928 470 2966 suos
490 2910 615 2966 invisere
633 2906 705 2977 vult,
721 2916 914 2965 commeatum
935 2906 980 2964 do.
1024 2906 1121 2965 Primo

170 3008 241 3047 vere
256 2988 338 3046 edico
353 2989 460 3059 adsitis,
477 2999 508 3046 ut
522 2988 577 3045 diis
591 2988 664 3045 bene
678 2988 850 3063 juvantibus
863 2987 973 3045 bellum
994 2988 1121 3065 ingentis

170 3068 273 3146 gloriae
295 3068 456 3145 praedaequc
483 3068 614 3125 futurum
636 3066 843 3145 incipiamus.''
893 3066 1036 3125 Omnibus
1059 3067 1119 3126 sere

171 3147 284 3205 visendi
299 3148 397 3205 domos
410 3148 507 3206 oblata
522 3148 597 3205 ultro
608 3156 733 3224 potestas
746 3155 830 3225 grata
844 3156 915 3215 erat,
930 3158 959 3205 et
970 3147 1031 3222 jam
1047 3147 1119 3205 desi·
1131 3154 1169 3211 35

171 3226 340 3285 derantibus
356 3246 423 3285 suos
437 3237 466 3286 et
486 3228 600 3304 longius
614 3227 644 3283 in
665 3226 797 3284 futurum
818 3226 1034 3303 providentibus
1047 3226 1119 3285 desi-

171 3305 296 3364 derium.
339 3307 396 3365 Per
409 3316 501 3365 totum
515 3317 629 3384 tempus
642 3306 746 3364 hiemis
760 3306 844 3381 quies
854 3307 930 3363 inter
944 3306 1056 3362 labores
1070 3316 1121 3365 aut

170 3388 231 3479 jam
254 3387 411 3445 exhaustos
434 3396 485 3445 aut
508 3405 573 3444 mox
596 3385 809 3443 exhauriendos
831 3384 980 3442 renovavit
1000 3402 1121 3461 corpora

173 3467 341 3543 animosque
360 3466 395 3524 ad
410 3468 507 3525 omnia
521 3466 579 3523 de
571 3476 684 3543 integro
698 3464 841 3541 patienda.
884 3462 963 3520 Vere
978 3463 1070 3539 primo
1085 3463 1120 3521 ad

172 3546 299 3603 edictum
315 3565 488 3604 convenere.
1131 3552 1170 3607 40

108 3622 145 3669 s
212 3624 371 3696 Hannibal,
387 3646 456 3684 cum
479 3626 673 3684 recensuisset
695 3624 824 3681 omnium
848 3623 978 3715 gentium
1001 3622 1120 3694 auxilia,

174 3700 272 3763 Gades
287 3704 397 3798 profect
400 3725 434 3763 us
448 3706 573 3763 Herculi
587 3715 652 3762 vota
667 3703 798 3773 exsolvit,
814 3705 953 3779 novisque
967 3722 997 3760 se
1011 3702 1123 3782 obligat

172 3785 254 3856 votis,
270 3786 295 3842 si
317 3794 416 3843 cetera
431 3802 568 3863 prospera
587 3784 759 3841 evenissent.
803 3781 873 3839 Inde
894 3783 1021 3858 partiens
1034 3800 1120 3843 curan

173 3864 293 3923 simul'
285 3882 316 3922 ιιι
341 3864 525 3923 inferendum
551 3872 637 3939 atque
662 3861 822 3922 arcendum
846 3861 964 3933 bellum,
983 3879 1030 3933 ne,
1051 3860 1121 3921 dum
