2717 4292
225 326 284 388 122
647 332 705 374 rrrr
727 332 801 375 mvn

272 466 518 543 Penius-atque
543 464 609 524 inde
631 483 736 523 nomen
759 465 787 521 ei
807 464 879 541 jugo
904 464 1027 541 Alpium
1050 464 1214 524 inditum-

270 557 492 624 transgressum,
507 544 634 603 Coelium
651 562 704 620 per
723 543 873 602 Cremonis
890 544 997 621 jugum
1017 542 1115 602 dicere
1136 555 1215 603 tran.

270 628 359 684 sisse:
390 627 441 701 qui
466 625 550 682 ambo
571 624 663 681 saltus
687 642 755 679 eum
776 641 833 680 non
856 623 887 679 in
910 622 1066 715 Taffirnpg,
1089 618 1139 681 sed
1162 641 1215 701 per

271 705 401 763 Salassos
415 714 563 762 montanos
577 702 613 760 ad
624 700 734 760 Libuos
749 701 851 759 Gallos
864 700 1052 761 dedum:
1069 722 1124 760 nec
1138 705 1214 761 veri.

241 783 364 843 5simile
378 793 421 841 est
434 801 471 840 ea
483 796 546 840 tum
561 781 596 839 ad
612 780 740 839 Galliam
761 782 888 857 patuisse
905 782 1018 851 itinera,
1033 782 1133 858 utique
1147 800 1214 857 quaa

271 863 307 921 ad
332 860 479 920 Peninum
494 860 599 930 serunt,
613 859 739 935 obsaepta
757 861 891 936 gentibus
911 861 1130 935 semigermanis
1145 860 1214 919 luis·

270 951 351 1000 sent:
372 960 467 1016 neque
482 939 600 998 hercule
615 939 759 997 montibus
773 939 828 1009 his,
839 940 865 995 si
878 958 965 1013 quem
980 938 1051 997 forte
1065 938 1093 996 id
1108 950 1214 1011 movet,

254 1022 307 1079 ‚ab
329 1021 451 1078 transitu
473 1019 629 1077 Poenorum
651 1018 713 1075 ullo
734 1016 844 1075 Seduni
867 1017 1002 1095 Veragri,
1025 1017 1129 1075 incolae
1148 1018 1214 1097 jugi

270 1101 342 1175 ejus,
357 1108 460 1157 norunt
475 1116 579 1156 nomen
604 1096 735 1167 inditum,
750 1097 800 1155 sed
819 1098 856 1154 ab
876 1116 919 1166 eo,
933 1115 1031 1173 quem,
1045 1096 1076 1153 iu
1099 1116 1214 1157 summo

224 1180 416 1236 tesserarum
431 1178 549 1248 vertice,
575 1174 720 1234 Peninum
734 1176 861 1234 montani
876 1176 1032 1253 appellant.

311 1256 450 1316 XXXIX.
472 1256 687 1332 Peropportune
707 1254 748 1312 'ad
772 1256 914 1332 principia
937 1273 1036 1313 rerum
1061 1254 1214 1328 Taurinis,
1258 1308 1261 1312 J

181 1311 230 1415 21
270 1337 407 1413 proximae
429 1335 517 1413 genti,
538 1333 677 1392 adversus
692 1334 841 1393 'Insubres
868 1342 977 1391 motum
1000 1333 1111 1392 bellum
1138 1345 1212 1395 erat.

270 1414 329 1473 Sed
351 1433 465 1473 armare
487 1414 648 1480 exercitum
669 1412 826 1484 Hannibal,
846 1422 879 1470 ut
900 1414 975 1489 parti
994 1413 1080 1470 alteri
1105 1414 1215 1474 auxilio

270 1504 354 1565 esset,
379 1495 410 1552 in
438 1492 592 1553 reficiendo
619 1494 745 1550 maxime
771 1493 942 1550 sentientem
969 1501 1118 1550 contracta
1146 1503 1214 1553 ante
1265 1538 1269 1543 -

226 1577 260 1631 15
271 1573 357 1645 mala,
372 1593 430 1632 non
443 1581 570 1649 poterat:
591 1573 681 1631 otium
695 1572 772 1631 enim
786 1591 823 1629 ex
836 1573 944 1646 labore,
959 1572 1043 1648 copia
1056 1590 1093 1629 ex
1107 1572 1214 1649 inopia,

270 1654 369 1711 cultus
388 1672 425 1711 ex
445 1652 547 1709 illuvie
567 1652 702 1727 tabeque,
716 1650 850 1727 squalida
865 1661 895 1709 et
914 1669 1001 1727 prope
1016 1649 1137 1708 efferata
1151 1671 1214 1709 cor-

271 1751 341 1808 pora
361 1732 442 1789 11111
463 1730 604 1788 movebat.
647 1730 695 1787 Ea
715 1730 747 1787 P.
762 1730 897 1788 Cornelio
910 1729 1023 1788 consuli
1044 1749 1135 1788 causa
1149 1729 1213 1803 suit,

270 1828 339 1867 cum
361 1810 442 1867 Pisas
458 1810 582 1867 navibus
602 1810 737 1879 venisset,
753 1810 884 1867 exercitu
902 1828 921 1867 a
939 1808 1049 1866 Manlio
1063 1809 1214 1886 Atilioque

271 1899 390 1965 accepto
407 1886 500 1946 tir‘one
519 1898 548 1946 et
569 1890 600 1946 in
621 1889 705 1946 novis
726 1888 891 1965 ignominiis
912 1887 1030 1964 trepido,
1046 1888 1082 1946 ad
1101 1888 1215 1947 Padum

220 1968 261 2024 20
272 1966 433 2037 festinandi,
445 1966 645 2029 utcumhoste
658 1968 786 2025 noudum
799 1966 908 2025 relecto
918 1984 1024 2024 manus
1037 1978 1213 2026 consereret.

270 2045 328 2104 Sed
343 2065 412 2105 cum
426 2047 604 2104 Placentiam
618 2046 718 2105 consul
733 2048 820 2117 venit,
831 2046 893 2123 jam
907 2065 943 2103 ex
957 2046 1068 2104 stativis
1083 2057 1215 2106 moverat

271 2124 428 2195 Hannibal,
457 2126 714 2203 Taurinorumque
748 2145 837 2183 unam
864 2126 975 2196 urbem,
1004 2135 1094 2201 caput·
1118 2127 1214 2203 gentis

271 2204 344 2279 ejus,
359 2204 428 2279 quia
441 2203 562 2261 volentis
576 2205 606 2260 in
620 2205 779 2262 amicitiam
791 2224 849 2261 non
863 2204 1006 2274 veniebat,
1021 2205 1050 2261 vi
1064 2224 1213 2283 expugna·

271 2291 333 2339 rat:
350 2292 379 2339 et
389 2282 532 2357 junxisset
545 2283 609 2352 sibi,
620 2300 677 2340 non
691 2293 770 2341 metu
781 2284 876 2341 solum
889 2283 940 2341 sed
953 2285 1040 2341 etiam
1055 2284 1213 2357 voluntate,

221 2365 260 2418 25
273 2360 372 2419 Gallos
397 2360 511 2418 accolas
535 2360 615 2431 Padi,
629 2362 660 2417 ni
678 2380 728 2419 eos
750 2363 1025 2440 circumspectantes
1046 2361 1214 2423 desectionis

270 2450 384 2517 tempus
398 2440 492 2497 subito
506 2439 646 2498 adventus
660 2441 788 2499 consulis
801 2442 997 2518 oppressisset.
1039 2441 1079 2500 Et
1099 2442 1213 2500 Hanni-

270 2520 318 2577 bal
333 2521 421 2578 movit
440 2538 477 2577 ex
491 2518 640 2589 Taurinis,
655 2519 789 2590 incertos,
803 2539 870 2596 quae
886 2539 953 2597 pars
966 2520 1114 2597 sequenda
1127 2532 1213 2595 esset,

271 2598 372 2658 Gallos
394 2608 564 2675 praesentem
587 2608 738 2657 secuturos
760 2608 851 2657 ratus.
892 2598 959 2656 Jam
981 2618 1068 2677 prope
1090 2601 1122 2657 in
1146 2620 1213 2659 con-

270 2688 372 2756 spectu
385 2688 469 2736 erant
488 2678 642 2748 exercitus
658 2687 909 2754 convenerantque
929 2678 1020 2737 duces
1033 2679 1120 2737 sicuti
1138 2681 1215 2739 inter

223 2760 262 2815 30
271 2778 302 2815 se
319 2755 447 2816 nondum
470 2757 540 2814 satis
559 2758 627 2827 noti,
647 2757 689 2814 ita
711 2757 774 2833 jam
793 2757 923 2815 imbutus
946 2753 1069 2834 uterquc
1086 2759 1214 2834 quadam

271 2836 458 2893 admiratione
474 2835 603 2893 alterius.
645 2834 726 2892 Nam
746 2835 920 2894 Hannibalis
933 2845 963 2894 et
976 2836 1052 2913 apud
1067 2836 1215 2897 Romanos

267 2914 331 2989 jam
345 2908 411 2970 11111
425 2912 549 2989 Sagunti
570 2912 717 2971 excidium
737 2914 960 2972 celeberrimum
981 2934 1086 2973 noman
1099 2925 1169 2986 erat,
1184 2926 1215 2976 et

271 2991 436 3069 Scipionem
449 2990 598 3049 Hannibal
611 3011 646 3049 eo
659 2992 730 3068 ipso,
741 2992 817 3068 quod
832 2992 971 3051 adversus
983 3013 1015 3051 se
1029 2993 1089 3052 dux
1103 2996 1213 3072 potissi·

271 3088 353 3128 mum
369 3070 461 3128 lectus
475 3080 559 3140 esset,
573 3080 757 3147 prestantem
770 3072 867 3129 virum
880 3071 1026 3131 credebat.
1067 3073 1107 3131 Et
1125 3093 1228 3133 auxo·-

223 3152 337 3208 3511111
360 3150 436 3207 inter
456 3169 488 3207 11
509 3151 679 3227 opinionem,
701 3150 807 3227 Scipio,
821 3150 898 3227 quod
920 3152 1039 3209 relictus
1059 3152 1090 3209 in
1115 3151 1214 3228 Gallia

271 3229 373 3287 obvius
387 3227 481 3286 fuerat
495 3228 525 3285 in
546 3229 659 3288 ltaliam
680 3239 860 3307 transgresso
880 3230 1049 3302 Hannibali,
1065 3230 1212 3291 Hannibal

272 3318 300 3367 11
314 3317 419 3367 conatu
433 3317 492 3367 tam
506 3308 610 3366 audaci
623 3308 861 3384 trajiciendarum
875 3309 998 3387 Alpium
1012 3319 1041 3367 et
1054 3308 1171 3367 effectu.

312 3387 475 3464 Occupavit
498 3397 596 3445 tamen
614 3387 711 3464 Scipio
731 3388 843 3446 Padum
864 3389 1009 3465 trajicere,
1027 3388 1114 3447 etad
1135 3388 1215 3447 Tioi·

271 3485 342 3524 num
357 3485 472 3525 amnem
486 3466 570 3524 motis
589 3467 701 3536 castris,
716 3468 884 3543 priusquam
904 3467 1042 3526 educeret
1061 3468 1091 3524 in
1111 3468 1216 3538 aciem,

224 3542 262 3604 40
272 3544 515 3604 adhortandorum
532 3545 657 3603 militum
678 3564 769 3603 eausa
785 3546 875 3603 talem
892 3547 1050 3605 orationem
1069 3556 1113 3604 est
1133 3566 1215 3605 exor-

271 3642 338 3682 sus:
361 3623 427 3683 XL.
443 3624 503 3682 “Si
516 3643 585 3682 eum
595 3622 765 3694 exercitum,
776 3625 891 3696 milites,
903 3625 1058 3684 educerem
1068 3626 1098 3682 in
1110 3627 1216 3697 aciem,

271 3721 360 3778 quern
373 3702 403 3761 in
423 3702 521 3761 Gallia
540 3722 657 3776 mecum
678 3702 775 3773 habui,
790 3705 1018 3779 supersedissem
1037 3704 1117 3781 loqui
1139 3704 1215 3781 apud

272 3798 340 3838 vos:
366 3781 437 3856 quid
460 3782 538 3839 enim
562 3781 707 3839 adhortari
729 3781 850 3840 referret
873 3793 925 3842 aut
948 3803 999 3841 eos
1021 3786 1143 3859 equites,
1164 3783 1215 3861 qui

274 3858 433 3931 equitatum
446 3859 569 3917 hostium
584 3858 620 3916 ad
632 3858 805 3917 Rhodanum
816 3861 925 3919 flumen
938 3862 1056 3940 egregie
1067 3863 1217 3941 viaissent,

1339 4027 1341 4094 l
