2717 4292
507 694 672 795 LIBRI
715 692 918 798 QUINTI

578 944 643 987 CAP·
659 940 844 985 xxxv-xm.

662 1110 761 1130 ——-r·

329 1228 695 1309 AllGIIMENIUIlI
725 1225 868 1301 LIBRI
897 1222 1094 1307 QUINII.

302 1416 334 1468 In
345 1417 463 1466 obsidione
470 1414 585 1463 Veiorum
593 1412 748 1462 hibernacula
759 1412 870 1460 militibus
880 1412 948 1459 lacta
959 1414 1022 1457 sunt
1046 1406 1085 1455 Ea
1096 1422 1142 1465 res,
1153 1421 1215 1459 oum

270 1500 333 1543 esset
352 1508 425 1549 nova,
436 1492 625 1556 indignationem
642 1490 790 1538 tribunorum
805 1487 879 1549 plebis
898 1486 981 1542 movit,
998 1485 1148 1547 querentium
1164 1497 1216 1534 uon

272 1571 323 1621 deri
339 1570 402 1633 plebi
418 1584 464 1617 nec
481 1583 523 1630 per
539 1568 645 1615 hiemem
663 1564 753 1613 militiae
770 1564 885 1626 requiem.
918 1561 1019 1624 Equites
1037 1566 1091 1609 tum
1109 1560 1217 1623 primum

270 1647 336 1709 equis
353 1647 401 1693 suls
417 1660 508 1693 merere
525 1646 655 1705 coeperunt.
688 1636 754 1689 Cum
770 1639 893 1687 inundatio
909 1654 939 1686 ex
957 1640 1014 1686 lacu
1024 1637 1127 1685 ‘Albano
1145 1636 1218 1683 facta

272 1728 343 1779 esset,
362 1727 440 1776 vetes,
460 1720 499 1782 qui
519 1734 573 1766 eum
595 1733 648 1766 rem
670 1717 875 1779 interpretaretur,
892 1715 922 1763 de
942 1715 1049 1763 hostibus
1067 1717 1153 1775 captus
1172 1718 1218 1759 est.

272 1796 360 1847 Furius
376 1795 493 1844 Camillus
508 1794 610 1842 dIctutor
621 1794 712 1845 decem
730 1808 808 1840 annos
823 1791 930 1840 obsessos
945 1789 1018 1839 Veios
1034 1790 1105 1851 cepit,
1116 1788 1220 1836 simula·

271 1888 340 1921 crum
356 1870 458 1919 Junonis
474 1869 578 1918 Romam
594 1869 721 1917 transtulit.
756 1867 888 1917 Declmem
899 1874 994 1931 partem
1010 1866 1097 1929 prredae
1108 1864 1220 1928 Delphos

273 1948 378 2011 Apollini
389 1947 459 2010 misit
493 1945 563 1994 Idem
579 1946 690 1994 tribunus
705 1945 817 2000 militum,
828 1959 886 1992 cum
904 1943 1011 1991 Faliscos
1027 1942 1151 1997 obsideret,
1162 1955 1220 2003 pro·

272 2026 333 2074 ditos
344 2024 447 2073 hostium
459 2022 518 2071 lilios
534 2022 672 2087 perentibus
683 2021 781 2078 remisit,
792 2020 923 2081 statimque
933 2019 1052 2067 deditione
1063 2018 1138 2073 facta,
1151 2016 1221 2065 Feli·

271 2117 367 2151 scorum
385 2102 509 2151 victoriam
525 2098 617 2162 justitia
633 2104 777 2147 consecutus
795 2102 838 2145 est.
870 2096 937 2145 Cum
957 2096 1019 2144 ulter
1034 2111 1064 2143 ex
1081 2095 1221 2142 censoribus

271 2177 302 2226 C.
312 2177 391 2228 Julius
403 2177 549 2233 decessisset,
561 2176 586 2224 in
600 2176 682 2224 locum
693 2173 746 2238 ejus
763 2172 799 2221 M.
811 2172 936 2221 Cornelius
952 2172 1068 2221 suffectus
1079 2178 1124 2228 est,
1136 2186 1183 2219 nec
1193 2170 1222 2219 id

273 2260 356 2317 postea
367 2254 460 2301 sactum
472 2259 517 2309 est,
527 2252 640 2315 quonlam
657 2267 687 2299 eo
700 2252 774 2299 lustro
791 2266 807 2297 a
824 2250 900 2298 Gallis
911 2248 991 2298 Roma
1005 2255 1079 2311 capta
1090 2253 1133 2295 est
1167 2246 1221 2295 Fu·
1298 2265 1301 2273 ·

275 2330 324 2377 rius
335 2328 460 2384 Camillus,
472 2344 529 2376 cum
544 2328 566 2375 ei
583 2328 632 2375 dles
649 2342 666 2375 a
681 2326 709 2374 L
720 2326 824 2389 Apuleio
838 2325 1015 2388 tribunoplebis
1031 2325 1095 2371 dIctu
1106 2328 1179 2379 esset,
1191 2323 1221 2371 ln
1264 2384 1267 2387 .
1296 2343 1302 2373 ε

272 2406 380 2454 exsilium
388 2405 450 2453 abiit.
466 2403 589 2460 XXXIII,
601 2402 649 2451 cc.
661 2402 726 2451 Cum
734 2402 843 2450 Senones
850 2403 914 2451 Gelli
925 2402 1036 2450 Clusium
1042 2400 1184 2455 obsiderent,
1193 2404 1222 2447 et

273 2482 346 2546 legati
364 2496 378 2528 a
394 2487 480 2529 senatu
497 2480 561 2528 missi
578 2480 609 2527 ad
624 2480 818 2541 componendum
828 2481 891 2527 Inter
901 2494 942 2526 eos
957 2485 983 2527 et
998 2478 1108 2526 CIusiuos
1127 2491 1220 2538 pacem

274 2563 411 2623 pugnantes
430 2563 515 2604 cntra
538 2555 621 2604 Gallos
642 2556 667 2603 in
690 2556 743 2603 acie
765 2554 927 2603 Clusiuorum-
940 2554 1069 2610 stetissent,
1085 2553 1132 2600 boc
1152 2553 1222 2600 lacto

275 2649 357 2683 eorum
369 2634 484 2681 concitati
501 2633 610 2681 Senones
621 2632 707 2680 urbem
718 2633 804 2680 infesto
815 2633 920 2680 exercitu
932 2632 1060 2692 petierunt,
1071 2628 1221 2688 XXXVIII,

275 2707 396 2766 XXXIX,
410 2709 467 2766 doc,
484 2709 588 2771 fusisque
609 2710 640 2757 od
657 2708 740 2757 Allem
764 2708 858 2757 flumen
880 2706 1006 2776 Romanis,
1023 2722 1108 2769 cepere
1125 2706 1221 2763 urbem,

275 2795 362 2851 praeter
372 2785 526 2847 Capitolium,
538 2802 584 2847 quo
595 2785 746 2847 sejuventus
757 2786 916 2834 contuleruut.
948 2783 1015 2831 XLI.
1033 2781 1139 2845 Majores
1149 2788 1221 2841 natu,

276 2878 334 2911 cum
351 2863 480 2925 insignibus
496 2863 614 2909 honorum
633 2878 692 2923 quos
710 2863 809 2924 qubqffi
826 2867 940 2927 gesserat,
957 2862 982 2909 iu
997 2861 1115 2909 vestibulis
1131 2860 1222 2908 sedium

201 2989 206 2997 ,
275 2939 386 2987 sedentes
402 2938 555 2998 occiderunt;
571 2936 675 2985 XLVII.
694 2937 801 2987 Etcum
818 2954 861 3001 per
872 2954 983 2987 aversam
998 2943 1092 2999 partem
1108 2936 1222 2998 Capitolii

276 3013 327 3078 jem
339 3014 363 3061 iu
375 3028 498 3061 summum
510 3014 647 3070 evasissent,
659 3014 743 3076 proditi
754 3015 868 3079 clangore
879 3030 1000 3072 anserum,
1012 3012 1048 3061 M.
1061 3011 1148 3060 Munlii
1159 3027 1222 3074 prce·

231 3146 235 3153 ι
276 3091 346 3153 cipue
363 3104 435 3151 opera
452 3088 538 3151 dejecti
555 3095 618 3138 sunt.
659 3088 779 3138 XLVIII.
797 3089 895 3138 Coactis
914 3090 999 3137 deinde
1017 3094 1112 3151 propter
1128 3088 1223 3136 samem

277 3164 393 3215 Romanis
409 3180 438 3213 eo
458 3166 610 3222 descendere,
627 3171 655 3214 ut
671 3167 738 3215 millo
756 3166 834 3229 pondo
857 3167 908 3214 auri
927 3166 1020 3222 darent,
1038 3171 1063 3212 et
1080 3165 1127 3212 hoc
1146 3163 1223 3226 pretIo
1294 3206 1297 3210 .

276 3243 351 3292 finem
374 3242 497 3291 obsidionis
521 3248 637 3299 emerent,
657 3242 748 3290 XLIX
766 3242 853 3291 Furius
872 3243 998 3298 Camillus,
1015 3240 1117 3289 dictator
1135 3240 1248 3288 amena,
1294 3288 1297 3293 ,

276 3327 380 3378 creatus,
392 3320 453 3368 inter
469 3319 623 3382 pendendum
641 3334 728 3368 aumm
744 3335 802 3368 cnm
819 3321 925 3368 exercitu
941 3321 1016 3376 venit,
1027 3325 1053 3367 et
1069 3318 1153 3367 Gallos
1168 3323 1222 3379 post

265 3394 373 3446 'sextum
384 3412 494 3445 mensem
506 3397 563 3444 urbe
572 3397 662 3458 expulit
671 3398 810 3458 ceciditque.
843 3396 872 3444 L
887 3395 965 3445 AEdes
975 3396 1023 3443 Alo
1034 3394 1135 3443 LocntIo
1146 3395 1222 3451 lucta,

277 3480 393 3536 queunte
409 3474 492 3521 urbem
509 3478 608 3535 captam
619 3488 667 3522 vox
678 3474 762 3521 audita
777 3480 838 3529 erat,
849 3474 981 3522 adventure
998 3472 1087 3520 Galloc
1120 3470 1222 3519 Dictum

279 3556 323 3605 est,
336 3550 366 3597 ad
378 3548 450 3597 Veios
466 3549 620 3613 migrandum
637 3564 689 3596 esse
705 3556 800 3611 propter
818 3550 944 3598 lucensem
963 3556 989 3597 et
1005 3548 1109 3596 dirutam
1129 3548 1221 3595 urbem.

279 3625 352 3684 Quod
364 3628 489 3675 consilium
498 3625 602 3674 Camillo
613 3632 712 3673 auctore
723 3626 856 3674 discuoeum
867 3632 910 3675 est.
944 3625 1023 3674 Movit
1031 3626 1145 3687 populum
1157 3626 1222 3673 vocis

278 3716 370 3763 quoque
381 3717 453 3750 omen
465 3718 495 3749 ex
507 3702 647 3761 centurione
659 3701 755 3758 auditae,
766 3702 816 3763 qui,
828 3716 886 3750 cum
896 3703 922 3750 in
933 3704 1011 3750 sorum
1020 3705 1132 3758 venisset,
1141 3699 1223 3748 mani·

278 3776 373 3838 puleriis
383 3778 431 3823 suh
443 3777 544 3833 dixerut,
556 3777 626 3827 “Sta
637 3777 721 3838 miles;
737 3777 777 3825 hic
788 3779 878 3839 optime
887 3775 1128 3841 manebimns”—[u.
1139 3789 1162 3824 c.
1171 3774 1222 3824 352

279 3848 349 3899 «⁹165.
383 3850 583 3915 soloti-³87]
