2717 4292
465 322 619 364 mm.
659 323 839 366 casnm.
891 313 898 324 ’
1101 311 1143 376 ω

150 464 320 516 contentum
341 453 450 512 sesuis
468 452 620 511 licton'bm
633 451 705 512 inre.
743 453 821 513 Cunr
840 454 963 514 dilatum
981 465 1098 534 oernptrr

148 536 268 612 injuriae
299 543 377 591 efflet
407 534 651 610 maraque
678 533 811 592 advocati
843 534 958 610 puella,
985 535 1097 612 placuit

149 616 282 672 omnium
295 614 431 690 primum,
443 610 562 670 fratrem
578 611 654 670 lcilii
666 613 819 690 filiumque
831 613 863 670 N
864 615 999 684 umuoru,
1012 614 1095 691 impi.

149 690 1125 847 &animalitatem-‘twa

148 851 259 930 puellae
271 849 446 918 alutemsi
464 860 578 924 postero
597 849 645 906 die
664 849 772 907 vindex
789 849 907 926 injurie
925 851 963 908 ad
982 861 1097 928 tempu

148 940 257 1006 praesto
270 937 357 986 esset.
397 926 478 985 lusi
490 937 623 1005 pergunt,
637 929 791 1006 citatisque
802 931 887 1006 equis
903 931 1040 987 nuntium
1059 929 1097 988 ad

149 1019 266 1088 patrem
279 1005 439 1084 perierunt.
480 1005 567 1065 Cum·
578 1006 699 1064 instaret
711 1017 837 1065 mmor
852 1009 970 1086 puelle,
983 1019 1017 1066 ut
1033 1009 1096 1066 vin-

149 1089 265 1146 dicaret
291 1103 498 1162 sponsoresque
521 1085 611 1156 daret,
626 1097 714 1162 atque
739 1087 770 1143 id
795 1087 892 1162 ipsum
914 1089 965 1166 agi
986 1086 1098 1150 diceret

150 1165 264 1235 Icilius,
278 1164 380 1223 sedulo
396 1176 509 1241 tempus
521 1173 627 1234 terens,
641 1165 713 1222 dum
732 1167 922 1244 praeciperent
933 1167 991 1224 iter
1001 1168 1095 1224 nuntii
1107 1169 1145 1224 1⁰

150 1244 1096 1320 missiincastmmanustollereundiquemultitudoetae
1182 1275 1187 1286 ·

150 1321 476 1460 illum&
488 1321 1097 1479 ἱῗιῖῗξῗᾛῖῗζὲῖωὲῗωῗῖἓ

150 1491 251 1540 uestra
270 1499 358 1557 opera
372 1491 446 1549 utar,
460 1499 630 1556 sponsorum
649 1497 731 1537 nunc
749 1481 821 1537 satia
832 1480 910 1538 est.’'
949 1481 994 1540 lta
1005 1481 1097 1538 rindi-

150 1571 239 1620 catur
259 1560 397 1637 Virginis
419 1559 624 1635 spondentibus
647 1559 825 1635 propinquis.
866 1559 983 1637 Appius
1004 1560 1149 1636 pauli-lb

150 1659 220 1718 sper
242 1649 380 1707 moratus,
397 1655 435 1696 ne
456 1638 522 1712 ejus
543 1639 586 1694 rei
607 1657 700 1696 causa
719 1637 829 1695 sedisse
850 1637 1007 1708 rideretur,
1023 1649 1087 1716 post

150 1738 243 1796 quam
266 1718 380 1776 omissis
404 1716 492 1774 rebus
516 1716 582 1774 aliis
601 1735 664 1793 prae
683 1735 758 1775 cura
777 1717 866 1774 unius
884 1735 971 1775 uerno
989 1717 1096 1788 adibat,

151 1799 271 1856 domum
285 1817 317 1854 se
331 1797 440 1872 recepit
453 1795 630 1872 collegisque
644 1796 674 1852 in
688 1806 786 1854 eastra
797 1797 953 1866 scribitne
963 1796 1098 1876 Virginio

150 1885 348 1935 commeatum
367 1874 436 1932 dent
456 1884 543 1950 atque
563 1876 651 1932 etiarn
670 1876 702 1932 in
714 1875 846 1932 custodia
864 1875 1000 1933 habeant
1039 1876 1095 1934 lm-
1203 1939 1208 1946 ⁴

150 1957 276 2033 probum
290 1953 445 2013 consilium
458 1971 566 2022 serum,
581 1964 614 2011 ut
626 1953 734 2023 debuit,
743 1953 808 2024 tuit,
818 1965 848 2011 et
857 1953 921 2029 jam
933 1965 1097 2012 commeatu
1105 1959 1147 2014 20

150 2032 1099 2188 tlllntllttlltttlllzltlltffimm

194 2191 320 2250 XLVII.
342 2191 385 2248 At
407 2190 438 2247 in
458 2191 539 2259 urbe,
561 2191 655 2267 prima
674 2191 751 2259 luce,
772 2209 842 2247 cum
861 2191 966 2248 civitas
982 2192 1014 2247 in
1037 2189 1099 2248 lbro

151 2271 368 2348 exspectatione
381 2279 480 2327 erecta
493 2278 592 2338 staret,
606 2269 760 2346 Virginius
773 2269 936 2326 sordidatus
948 2270 1040 2328 filiam
1052 2289 1097 2327 se·

152 2370 223 2408 cum
245 2348 373 2408 obsoleta
393 2358 482 2417 veste,
504 2349 706 2406 comitantibus
728 2349 839 2424 aliquot
861 2350 1007 2419 matronis,
1028 2368 1098 2406 cum
1106 2355 1147 2408 25

152 2429 265 2506 ingenti
286 2427 472 2485 advocatione
492 2427 523 2484 in
544 2426 638 2484 sorum
658 2425 785 2485 deducit.
825 2427 989 2486 Circumire
1009 2429 1049 2484 ibi
1069 2438 1098 2485 et

153 2526 293 2586 prensare
317 2507 447 2564 homines
468 2507 565 2583 coepit,
587 2517 616 2564 et
637 2524 695 2563 non
716 2524 800 2563 orare
823 2505 916 2562 solum
937 2508 1099 2582 precariam

154 2607 237 2664 opem
253 2585 304 2644 sed
318 2603 370 2663 pro
383 2584 479 2642 debita
496 2595 611 2661 petere:
633 2603 664 2641 se
685 2602 737 2660 pro
749 2584 850 2641 liberis
863 2601 964 2640 eorum
983 2603 1019 2640 ao
1032 2602 1098 2640 oon-

153 2667 275 2744 jugibus
288 2663 415 2740 quotidie
428 2665 459 2720 in
473 2665 537 2721 acie
550 2673 637 2732 stam,
648 2681 705 2719 nec
718 2661 810 2718 aliurn
820 2662 917 2716 virum
926 2679 1003 2732 esse,
1014 2661 1100 2736 cujus

154 2757 274 2804 strenue
288 2763 325 2802 ac
339 2743 474 2800 ferociter
483 2742 561 2800 facta
573 2743 604 2799 in
618 2741 695 2798 bello
705 2740 790 2818 plura
800 2740 954 2796 memorari
968 2750 1099 2816 possent:
1110 2743 1149 2799 30

153 2823 266 2900 -quid
281 2821 424 2899 prodesse,
438 2822 463 2880 si
476 2821 615 2879 ineolumi
629 2821 712 2889 urbe,
726 2838 793 2896 quar
805 2828 890 2895 capta
904 2818 1006 2876 ultima
1019 2818 1099 2878 time

156 2914 252 2972 autur,
267 2902 367 2960 liberis
388 2902 450 2958 suis
471 2901 528 2958 sint
545 2899 703 2977 patienda?
742 2899 817 2956 Haec
841 2917 928 2975 prope
949 2899 1100 2958 conciona-

157 2981 272 3054 buudus
286 2980 459 3038 circumibat
478 2980 618 3038 homines.
659 2978 774 3036 Similia
787 2978 833 3036 bis
852 2979 889 3035 ab
908 2977 992 3037 Icilio
1008 2979 1099 3055 jacta·

157 3061 272 3118 bantur.
314 3059 475 3117 Comitatus
494 3058 643 3115 muliebris
656 3058 723 3135 plus
741 3058 829 3115 tacito
847 3057 917 3115 fletu
930 3077 1019 3134 quam
1039 3058 1101 3115 ulla

154 3159 212 3198 vox
243 3139 387 3196 movebat.
443 3137 595 3196 Adversus
622 3156 689 3213 quae
715 3137 812 3194 omnia
837 3137 978 3195 obstinato
1004 3139 1149 3195 animodi

158 3220 395 3296 Appius—tanta
407 3217 452 3273 ris
473 3216 606 3274 ementita
626 3216 726 3273 verius
745 3234 834 3292 quam
855 3217 961 3273 amoris
974 3226 1101 3273 mentem

156 3297 398 3356 turbaverat-in
411 3296 538 3353 tribunal
558 3294 696 3365 escendit,
711 3304 740 3352 et
754 3295 830 3351 ultro
849 3303 988 3369 querente
1006 3313 1102 3371 pauca

157 3378 287 3453 petitore,
298 3375 374 3450 quod
389 3375 443 3432 ribi
457 3373 547 3450 pridie
562 3393 613 3450 per
626 3375 810 3432 ambitionem
823 3371 933 3430 dictum
946 3390 1003 3428 non
1016 3381 1101 3441 esset,
1213 3386 1229 3393 ·

157 3456 329 3532 priusquam
356 3463 408 3512 aut
434 3454 484 3510 ille
512 3453 688 3530 postulatum
715 3460 868 3529 perageret
894 3458 945 3507 aut
967 3449 1103 3525 Virginio

158 3533 348 3610 respondendi
363 3532 480 3591 daretur
495 3531 587 3602 locus,
602 3532 717 3608 Appius
736 3527 900 3588 interfatur.
943 3527 1041 3592 Quem
1054 3527 1101 3586 de·
1112 3533 1151 3588 to

159 3623 238 3671 creto
252 3631 415 3671 sermonem
429 3611 619 3688 pretenders,
635 3610 733 3668 forsan
747 3609 873 3684 aliquem
888 3625 991 3664 verum
1005 3616 1102 3666 aucto·

160 3709 206 3750 res
227 3691 340 3770 antiqui
361 3690 532 3749 tradiderint
541 3691 660 3766 2-quia
686 3705 832 3764 nusquam
853 3685 948 3744 ullum
970 3688 1001 3744 in
1023 3698 1104 3746 tanta

161 3769 288 3830 l'oeditate
312 3771 422 3829 decreti
446 3771 509 3828 veri
531 3770 656 3828 similem
672 3767 803 3837 invenio,
826 3766 856 3824 id
879 3766 956 3842 quod
982 3778 1103 3839 constat,
1211 3797 1221 3816 ο

159 3849 271 3908 nudum
296 3850 412 3910 videtur
433 3848 659 3927 proponendum,
680 3847 815 3905 decresse
837 3846 979 3904 vindicias
1000 3866 1103 3906 aecum
