2717 4292
353 319 441 361 arara
462 322 524 361 m.
566 322 631 363 car.
650 322 758 365 mvn
781 325 909 366 mvnr.
1069 312 1126 375 121

135 471 164 512 se
185 449 314 520 fallente,
329 460 371 520 ut,
390 470 443 509 seu
465 452 600 510 manibus
619 454 650 510 in
672 454 849 533 assurgendo
869 475 923 514 seu
944 475 1023 533 genu
1046 476 1079 515 se

135 530 320 607 adjuvissent,
335 530 405 605 ipsis
420 529 605 589 adminiculis
619 533 760 610 prolapsis
773 535 1078 595 iterumcorruerent:

135 630 186 669 uec
201 611 306 685 stirpes
327 610 408 666 circa
429 609 587 679 radicesve,
604 612 640 667 ad
653 632 727 687 quas
741 613 812 689 pede
827 625 877 672 aut
898 633 987 672 manu
1000 616 1077 690 quis·

134 709 220 767 quam
234 689 305 771 eniti
319 699 423 764 posset,
438 700 539 763 erant3
563 692 603 747 ita
617 692 646 748 in
662 692 720 749 levi
734 704 845 750 tantum
859 695 954 769 glacie
968 694 1077 751 tabida·

133 788 188 846 que
199 769 267 825 nive
278 768 493 825 volutabantur.
533 768 551 826 J
554 780 671 827 umenta
684 773 822 829 secabant
834 774 979 830 interdum
989 776 1106 831 etiamd

133 860 229 906 tamen
250 847 381 904 infimam
402 846 592 923 ingredientia
612 851 718 919 nivem,
734 860 762 908 et
781 853 915 929 prolapsa
932 853 1077 927 jactandis

132 928 253 1005 gravius
274 928 305 983 in
330 926 501 985 connitendo
526 929 644 1004 ungulis
666 931 781 1005 penitus
804 930 1029 1009 perfringebant,
1045 942 1078 990 ut

132 1008 281 1084 pleraque,
294 1005 374 1072 velut
388 1005 491 1081 pedica
504 1017 598 1085 capta,
611 1008 753 1065 haererent
767 1009 882 1067 indura
895 1021 924 1068 et
937 1010 996 1067 alta
1009 1030 1075 1069 con-
1094 1059 1100 1073 .

132 1086 334 1161 cretaglaoie.
389 1084 543 1143 XXXVII.
566 1085 699 1145 Tandem
722 1089 917 1165 nequidquam
936 1090 1077 1164 jumentis

132 1174 218 1241 atque
233 1164 397 1221 hominibus
412 1163 548 1241 fatigatis,
563 1176 659 1224 castra
672 1168 703 1223 in
722 1167 794 1244 jugo
808 1170 908 1243 posita,
925 1164 1075 1245 aegerrime
1088 1171 1125 1225 10

132 1244 168 1300 ad
187 1242 218 1309 id
239 1244 336 1319 ipsum
350 1243 414 1301 loco
428 1254 559 1320 purgato,
574 1254 687 1303 tantum
707 1248 783 1303 nivis
803 1247 968 1305 fodiendum
989 1260 1075 1325 atqua

132 1322 310 1399 egerendum
332 1320 396 1379 suit.
438 1322 509 1393 Iade
531 1322 567 1381 ad
588 1343 691 1400 rupem
712 1325 906 1396 muniendam,
921 1345 974 1403 per
987 1346 1076 1402 quam

131 1420 221 1459 unam
235 1401 284 1457 via
298 1420 362 1458 esse
376 1410 495 1477 poterat,
510 1402 616 1460 milites
630 1403 720 1473 ducti,
735 1422 804 1461 curn
817 1404 987 1463 cadendum
1001 1416 1077 1464 esset

129 1496 245 1550 saxum,
261 1480 412 1538 arboribus
425 1482 506 1539 circa
519 1482 696 1540 immanibus
708 1482 828 1558 dejectis
841 1482 1076 1560 detruncatisque

128 1569 241 1620 struem
264 1560 413 1637 ingentem
437 1560 581 1637 lignorum
607 1560 727 1632 faciunt,
741 1580 874 1638 eamque,
889 1580 957 1619 cum
979 1572 1009 1620 et
1031 1564 1076 1620 vis
1088 1564 1125 1619 1⁵

129 1639 210 1699 venti
224 1648 291 1715 apta
306 1638 438 1697 saciando
449 1640 510 1715 igni
524 1650 622 1699 coorta
636 1652 722 1711 esset,
731 1641 921 1719 succendunt,
933 1641 1075 1699 ardentia·
1163 1670 1169 1680 ·

128 1730 187 1798 que
201 1736 273 1775 saxa
287 1716 383 1775 infuso
397 1728 478 1775 aceto
489 1718 695 1795 putrefaciunt.
737 1720 782 1779 Ita
794 1719 931 1779 torridam
942 1720 1076 1779 incendio

128 1816 233 1873 rupem
262 1795 339 1853 ferro
366 1797 504 1874 pandunt,
532 1800 724 1876 molliuntque
750 1799 930 1858 anfractibus
956 1800 1076 1857 modicis

128 1878 229 1945 clivos,
246 1886 279 1934 ut
299 1895 356 1933 non
374 1877 507 1952 jumenta
521 1878 613 1935 solum
628 1879 679 1936 sed
700 1880 846 1956 elephanti
866 1881 954 1937 etiam
969 1880 1074 1937 deduci

128 1965 254 2032 possent.
297 1955 503 2021 Quadriduum
518 1958 599 2015 circa
621 1976 722 2034 rupem
736 1969 947 2033 consumptum,
960 1959 1125 2034 jumen-20

128 2038 165 2093 tis
180 2054 269 2112 prope
285 2032 362 2092 fame
377 2036 552 2112 absumptis:
573 2036 651 2094 nuda
662 2038 740 2094 enirn
755 2036 815 2093 fere
830 2038 985 2094 cacumina
998 2049 1074 2106 sunt,

126 2126 165 2185 et,
181 2116 206 2171 si
229 2114 299 2190 quid
321 2124 365 2171 est
382 2115 488 2190 pabuli,
503 2116 628 2173 obruunt
640 2116 733 2175 ulvas.
777 2114 917 2174 Inferiore
935 2116 1027 2173 valles
1047 2125 1076 2173 et

126 2194 243 2270 apricos
265 2194 404 2270 quosdam
426 2193 516 2252 colles
527 2195 651 2264 babent,
673 2195 806 2270 rivosque
827 2213 914 2271 prope
935 2196 1025 2253 silvas
1046 2203 1075 2252 et

123 2274 187 2353 jam
201 2274 331 2330 humano
344 2273 426 2330 cultu
441 2273 571 2349 digniora
585 2274 658 2331 loca.
690 2273 733 2331 lbi
744 2275 877 2350 jumenta
890 2276 920 2331 in
935 2274 1074 2351 pabulum

125 2346 225 2423 missa,
248 2361 278 2409 et
299 2353 383 2427 quies
405 2352 559 2410 muniendo
584 2352 667 2410 fessis
690 2353 853 2411 hominibus
876 2354 943 2412 data
966 2352 1123 2411 tridu0.25

125 2431 198 2490 Iade
222 2430 259 2489 ad
283 2432 402 2507 planum
424 2431 604 2503 descensum,
620 2442 648 2489 et
669 2432 731 2506 jam
752 2432 824 2490 locis
845 2433 1025 2489 mollioribus
1045 2442 1075 2490 et

125 2511 298 2570 accolarum
313 2511 447 2587 ingeniis.
591 2506 594 2511 “

166 2588 340 2649 XXXVIII.
363 2588 429 2647 Hoc
451 2591 577 2647 maxime
603 2588 685 2647 modo
708 2589 738 2644 in
763 2587 876 2645 Italiam
900 2597 1074 2663 perventum

123 2679 177 2740 est,
193 2670 296 2745 quinto
317 2686 414 2726 mense
429 2688 446 2725 a
460 2668 636 2745 Carthagine
657 2686 742 2736 nova,
757 2676 789 2724 ut
809 2665 926 2741 quidam
942 2675 1074 2723 auctores

123 2758 202 2817 sunt,
214 2748 317 2825 quinto
331 2747 442 2804 decimo
456 2748 502 2804 die
517 2748 643 2824 Alpibus
655 2746 807 2822 superatis.
844 2744 970 2810 Quanta
983 2746 1074 2821 copiae
1084 2748 1123 2803 30

125 2838 309 2904 transgresso
323 2827 353 2882 in
368 2825 482 2883 Italiam
496 2823 655 2883 Hannibali
670 2823 786 2893 fuerint,
802 2843 985 2901 nequaquam
999 2826 1074 2883 inter

124 2917 263 2964 auctores
277 2914 398 2963 constat.
441 2905 501 2969 Qui
516 2906 683 2982 plurimum,
699 2915 816 2962 centurn
830 2904 929 2961 millia‘
937 2904 1072 2980 peditum,

123 2986 231 3063 viginti
254 2986 385 3059 equitum
414 2983 502 3042 fuisse
530 2985 677 3041 scribunt:
707 2986 758 3059 qui
785 2984 947 3053 minimum,
971 2986 1073 3063 viginti

123 3065 221 3123 millia
238 3064 376 3141 peditum,
391 3082 442 3121 sex
459 3064 599 3138 equitum.
637 3062 679 3131 L.
695 3062 816 3121 Cincius
830 3063 1007 3134 Alimentus,
1022 3066 1073 3140 qui

122 3153 245 3221 captum
260 3162 291 3199 se
307 3143 343 3199 ab
364 3142 529 3199 Hannibale
544 3142 653 3211 scribit,
669 3144 794 3200 maxime
816 3153 917 3201 auctor
935 3155 1071 3215 moveret,
1083 3147 1121 3201 35

121 3224 182 3281 uisi
204 3220 395 3281 confunderet
417 3240 572 3278 numerum
589 3220 690 3280 'Gallis
711 3220 929 3299 Liguribusque
952 3222 1071 3280 additis:

121 3321 194 3360 curn
209 3302 255 3359 his
269 3302 415 3377 octoginta
428 3300 520 3358 millia
535 3300 670 3378 peditum,
686 3301 787 3359 decem
802 3302 932 3377 equiturn
947 3300 1073 3358 adducta

120 3380 421 3456 in‘ltaliam-—magis
442 3379 588 3439 affluxisse
605 3381 762 3439 verisimile
782 3389 834 3448 est,
849 3389 878 3437 et
898 3380 938 3436 ita
955 3379 1072 3454 quidam

120 3470 261 3518 auctores
284 3460 648 3535 sunt1-exipsoaute1n
672 3460 785 3517 audisse
809 3457 984 3526 Hannibale,
1000 3467 1072 3533 post·

120 3556 215 3615 quarn
237 3538 411 3595 Rhodanum
432 3539 720 3617 transierit,triginta
740 3556 791 3595 sex
812 3538 904 3594 millia
924 3538 1122 3595 hominumdss

118 3617 332 3694 ingentemque
355 3636 510 3674 numerum
530 3638 669 3694 equorum
692 3626 720 3675 et
735 3617 856 3675 aliorum
875 3616 1072 3691 jumentorum

119 3698 269 3755 amisisse.
312 3696 340 3754 E
368 3696 516 3766 Taurinis,
527 3717 593 3774 quae
607 3697 713 3755 Galliae
727 3696 856 3773 proxima
870 3715 942 3772 gens
956 3705 1026 3765 erat,
1042 3696 1073 3753 in

119 3774 242 3835 Italiam
270 3776 434 3853 digressum
458 3795 526 3833 cum
550 3778 625 3834 inter
651 3794 750 3833 omnes
774 3784 893 3845 constet,
918 3795 953 3833 eo
980 3776 1074 3853 magia

119 3855 218 3915 miror
235 3856 355 3933 ambigi,
371 3874 497 3932 quanam
519 3855 786 3993 Alpeslpransierit,
801 3865 830 3915 et
843 3856 931 3933 vulgo
952 3854 1072 3914 credere
