2717 4292
202 289 222 348 2
625 297 789 340 aanrsrro.

255 431 427 508 antiquitati,
440 440 472 489 nt
485 429 631 489 miscendo
645 429 774 486 humana
787 428 902 499 divinis,
914 427 1070 506 primordia
1080 428 1197 486 urbium

256 531 424 609 augustiora
445 519 542 588 iaciat.
583 528 631 599 Et,
647 529 671 585 si
686 529 736 586 cui
755 529 859 605 populo
872 528 962 586 licere
976 536 1085 604 oportet
1098 546 1198 584 conse.

255 648 340 689 crare
361 629 487 706 origines
507 648 584 698 suas,
600 637 627 685 et
642 627 678 684 ad
697 627 765 685 deos
786 626 894 685 referre
916 636 1057 696 auctores,
1073 646 1109 684 ea
1129 626 1197 684 belli

255 729 349 806 gloria
362 737 405 785 est
418 727 522 804 populp
537 726 676 796 Romano,
689 734 730 796 ut,
741 744 810 783 cum
822 743 909 783 sunm
922 723 1136 801 conditorisque
1150 724 1198 782 sui

224 831 407 903 bparentem
431 823 555 882 Martem
577 824 756 901 potissimum
782 821 864 893 ferat,
885 831 995 880 temet
1018 822 1073 880 hoc
1097 831 1200 899 gentes

256 925 392 982 humanae
403 923 548 1001 patiantur
558 942 641 999 aequo
656 923 761 992 animo,
773 941 862 999 quam
872 923 1027 998 imperium
1038 922 1198 998 patiuntur.

256 1022 315 1080 Sed
327 1022 392 1080 haec
405 1031 434 1080 et
451 1021 497 1078 his
514 1021 629 1092 similia,
644 1029 804 1096 utcumque
818 1019 1020 1078 animadversa
1038 1028 1090 1077 ant
1103 1019 1200 1078 existi-

257 1129 335 1178 mata
355 1130 449 1191 erunt,
464 1119 541 1177 haud
562 1119 593 1176 in
613 1137 720 1196 magno
740 1118 874 1195 equidem
895 1137 1000 1195 ponam
1020 1117 1199 1179 discrimine.

257 1217 306 1276 Ad
320 1218 372 1276 illa
385 1217 456 1275 mihi
469 1236 520 1294 pro
534 1236 566 1275 se
579 1217 702 1293 quisque
718 1217 823 1274 acriter
836 1215 965 1274 intendat
979 1216 1118 1287 animum,
1133 1234 1201 1292 qu·

206 1321 242 1378 10
256 1317 325 1388 vita,
336 1317 386 1393 qui
397 1335 492 1373 mores
503 1315 610 1373 fuerint
618 1335 628 1389 ;
652 1333 705 1392 per
720 1333 790 1391 quos
804 1314 889 1385 viros,
900 1314 1064 1391 quibusque
1078 1314 1200 1385 artibus,

257 1415 334 1472 domi
347 1415 526 1491 militiaeque,
540 1422 569 1471 et
589 1422 705 1490 partum
725 1422 755 1470 et
777 1421 895 1471 auctum
910 1413 1064 1489 imperium
1083 1413 1136 1470 sit:
1157 1411 1200 1469 la

255 1512 341 1570 bento
362 1512 465 1570 deinde
485 1509 625 1589 paulatim
644 1511 806 1588 disciplina,
818 1510 900 1568 velut
919 1510 1090 1569 dissidentes
1107 1510 1201 1588 primo

256 1629 350 1669 mores
371 1619 510 1688 sequatur
532 1611 646 1683 animo;
668 1608 771 1666 deinde
788 1618 821 1667 ut
842 1610 936 1686 magis
956 1610 1108 1687 magisque
1126 1608 1201 1686 lapsi

224 1785 226 1788 Ι
257 1710 332 1782 sint3
355 1719 418 1766 tum
436 1709 479 1765 ire
502 1707 643 1783 eoeperint
665 1707 845 1784 praecipites3
875 1707 967 1766 donec
987 1707 1024 1765 ad
1045 1708 1108 1766 haec
1128 1717 1201 1766 tem·

206 1809 243 1866 15
257 1826 336 1885 pora,
351 1806 457 1883 quibus
471 1825 526 1864 nec
540 1805 610 1863 vitia
631 1814 737 1874 nostra,
752 1824 808 1863 nec
822 1805 951 1864 remedia
964 1806 1023 1882 pati
1037 1824 1200 1882 possumus,

258 1913 428 1982 perventum
443 1912 496 1961 est.
538 1903 604 1962 Hoc
617 1903 692 1961 illud
712 1912 756 1960 est
774 1904 920 1980 precipua
934 1904 965 1960 in
979 1904 1142 1980 cognitione
1156 1922 1201 1962 re·

257 2022 324 2061 rum
338 2003 454 2060 salubre
469 2019 505 2060 ac
520 1999 703 2079 frugiferum,
718 2001 812 2059 omnis
820 2011 860 2059 te
881 2001 1007 2079 exempli
1027 2001 1202 2061 documenta

225 2109 227 2113 ’
257 2102 288 2160 in
302 2101 407 2160 illustri
422 2101 512 2177 posita
526 2110 710 2158 monumento
723 2101 847 2158 intueri:
868 2099 935 2158 inde
949 2101 1001 2158 tibi
1014 2109 1130 2177 tuaeque
1145 2101 1200 2159 rei-

258 2199 390 2275 publicae,
406 2198 483 2276 quod
503 2199 625 2269 imitere,
639 2199 756 2276 capias:
780 2197 847 2256 inde
869 2196 979 2257 foednm
999 2199 1126 2276 inceptu,
1147 2197 1199 2258 foe-

206 2302 243 2357 20
258 2298 327 2356 dum
347 2298 436 2367 exitu,
459 2297 535 2373 quod
556 2297 639 2355 vites.
690 2297 828 2355 Ceterum
851 2306 902 2355 aut
922 2316 969 2355 ma
990 2315 1071 2355 amor
1091 2298 1200 2376 negotii

258 2396 385 2474 suscepti
406 2395 489 2465 fallit,
505 2404 556 2453 aut
569 2395 652 2453 nulla
672 2414 802 2472 unquam
816 2414 863 2453 res
884 2395 1002 2473 publica
1021 2414 1078 2453 nec
1097 2397 1199 2473 major,

257 2514 312 2553 nec
326 2494 460 2566 sanctior,
476 2513 531 2553 nee
545 2493 627 2552 bonis
647 2494 788 2570 exemplis
801 2493 886 2552 ditior
900 2492 955 2553 fuit
963 2514 973 2568 3
996 2513 1052 2553 nec
1066 2495 1096 2551 in
1110 2515 1201 2571 quam

257 2577 404 2652 civitateni
425 2603 484 2651 tam
505 2611 578 2651 serae
599 2592 722 2650 avaritia
750 2592 925 2669 luxuriaque
947 2593 1199 2670 immigraverint3

256 2711 311 2750 nec
326 2692 376 2750 ubi
389 2700 486 2750 tantus
501 2711 536 2749 ac
550 2699 610 2749 tam
624 2690 673 2747 diu
688 2691 850 2768 paupertati
865 2709 900 2748 ac
914 2691 1097 2768 parsimonia
1110 2691 1201 2751 honos

204 2793 243 2849 25
258 2788 362 2848 suerit:
384 2788 464 2859 adeo,
479 2796 586 2865 quanto
600 2789 818 2858 rerumminus,
832 2796 911 2845 tanto
924 2789 1021 2847 minus
1035 2789 1201 2866 cupiditatis

257 2896 328 2947 erat.
370 2885 475 2964 Nuper
488 2885 595 2943 divitiae
616 2885 777 2956 avaritiam,
791 2895 822 2944 et
840 2886 1018 2945 abundantes
1038 2888 1201 2965 voluptates

258 2985 442 3066 desiderium,
454 3003 506 3061 per
516 2983 620 3042 luxum
631 2992 718 3060 atque
732 2983 881 3044 libidinem
895 2985 1035 3062 pereundi
1049 2986 1200 3063 perdendi-

258 3103 315 3160 que
330 3083 436 3153 omnia,
451 3083 599 3140 invexere.
641 3082 699 3140 Sed
713 3083 849 3161 querela,
864 3103 901 3142 ne
922 3094 984 3144 tum
997 3085 1115 3162 quidem
1132 3106 1201 3164 gra-

257 3191 295 3240 tae
316 3179 430 3250 suturae,
446 3199 514 3238 curn
529 3178 647 3238 forsitan
667 3183 841 3240 necessariae
861 3192 955 3255 erunt,
971 3184 1008 3241 ab
1021 3183 1102 3243 initio
1120 3195 1201 3244 certe

210 3281 245 3336 30
258 3289 345 3338 tantae
365 3278 508 3338 ordiendae
529 3280 572 3338 rei
593 3279 696 3338 absint.
746 3280 821 3338 Cum
842 3282 923 3340 bonis
943 3284 1037 3360 potius
1056 3284 1202 3344 ominibus

258 3379 387 3455 votisque
402 3386 431 3436 et
444 3378 656 3455 precationibus
670 3377 791 3437 deorum
805 3379 993 3457 dearumque,
1005 3381 1039 3452 si,
1054 3391 1086 3440 ut
1100 3384 1201 3459 poetis,

257 3478 338 3536 nobis
362 3496 478 3554 quoque
502 3495 564 3535 mos
588 3485 672 3547 esset,
692 3476 829 3535 libentius
849 3478 1055 3556 inciperemus,
1076 3489 1108 3538 ut
1128 3482 1202 3540 orsis

257 3576 329 3635 tanti
343 3576 437 3654 operis
451 3594 605 3644 successus
619 3593 768 3653 prosperos
783 3575 895 3635 darent.
