2717 4292
216 325 275 391 100
643 340 702 381 τιτι
723 338 797 381 mvn

267 490 352 532 muro
373 472 443 531 satis
465 491 567 549 aequus
592 471 713 549 agendis
736 470 831 528 vineis
845 467 908 540 suit,
930 470 974 545 ita
991 467 1219 547 haudquaquam

267 572 412 631 prospere,
428 562 579 629 postquam
593 550 629 609 ad
650 550 787 627 effectum
801 550 897 625 operis
910 559 1031 607 ventum
1047 558 1099 614 est,
1114 550 1220 626 coeptis
1255 548 1269 553 “

266 632 461 691 succedebat:
484 641 513 688 et
533 632 622 689 turris
636 632 740 707 ingens
754 629 931 698 imminebat,
952 638 981 686 et
1001 646 1113 698 murus,
1135 639 1169 686 ut
1188 630 1220 687 in

267 723 401 788 suspecto
423 712 495 780 loco,
511 729 599 786 supra
621 721 727 768 ceterae
747 708 865 766 modurn
886 706 1047 765 altitudinis
1070 709 1220 767 emunitus

238 799 257 853 5
267 801 329 849 erat
339 811 347 863 ;
371 802 399 848 et
409 792 549 867 juventus
558 789 679 858 delecta,
693 789 743 845 ubi
754 789 913 863 plurimum
924 786 1048 864 periculi
1059 805 1095 844 ac
1106 788 1219 847 timoris

266 870 477 939 ostendebatur,
493 870 533 929 ibi
554 870 582 927 vi
597 869 706 944 majore
720 867 905 925 obsistebant.
949 867 997 923 Ac
1018 867 1110 943 prirno
1124 868 1218 924 missi-

267 949 343 1007 libus
358 951 530 1007 submovere'
552 948 670 1018 hostem,
697 966 752 1004 nec
773 945 931 1023 quidquam
945 946 1016 1002 satis
1036 954 1132 1002 tutum
1152 965 1216 1005 mu-

267 1030 413 1086 nientibus
426 1030 495 1105 pati.
537 1026 649 1085 Deinde
660 1028 723 1103 jam
737 1045 794 1082 non
809 1044 860 1101 pro
874 1026 1019 1082 moenibus
1034 1024 1116 1082 modo
1131 1037 1218 1101 atque

266 1110 340 1165 turri
354 1107 413 1165 tela
428 1108 545 1176 micare,
561 1106 610 1165 sed
632 1107 668 1163 ad
682 1105 893 1181 erumpendum
916 1105 1003 1161 etiam
1024 1105 1055 1161 in
1076 1106 1215 1162 stationes

221 1196 410 1263 looperaque
431 1187 556 1244 hostium
578 1187 694 1243 animus
708 1196 790 1242 erat:
812 1185 919 1259 quibus
939 1184 1139 1241 tumultuariis
1153 1204 1216 1242 cer-

266 1267 424 1324 taminibus
449 1265 527 1323 haud
552 1264 643 1323 ferme
667 1266 766 1341 pluras
789 1264 945 1340 Saguntini
965 1263 1107 1321 cadebant
1127 1283 1217 1340 quam

267 1345 361 1404 PoenI.
412 1345 452 1405 Ut
477 1364 546 1403 vero
570 1344 719 1402 Hannibal
743 1344 814 1420 ipse,
836 1343 906 1400 dum
931 1361 1048 1400 murum
1068 1344 1217 1401 incautius
1263 1376 1268 1381 .
1356 1393 1357 1396 ,

267 1425 354 1496 subit,
364 1424 520 1482 adversum
535 1423 630 1481 femur
643 1423 762 1502 tragula
774 1424 903 1500 graviter
917 1422 993 1480 ictus
1007 1422 1123 1492 cecidit,
1134 1432 1217 1480 tanta

267 1504 348 1563 circa
362 1503 433 1582 Iuga
452 1523 487 1562 ac
501 1504 652 1581 trepidatio
667 1502 730 1573 fuit,
747 1512 778 1561 ut
796 1521 852 1559 non
867 1501 993 1560 multum
1008 1502 1129 1571 abesset,
1144 1503 1217 1579 quin

172 1618 185 1655 ι,
220 1594 354 1660 mopere
375 1604 411 1642 ac
425 1584 518 1641 vinea:
538 1584 752 1641 desererentur.
795 1580 878 1640 VIII.
902 1579 1021 1639 Obsidio
1040 1580 1144 1640 deinde
1165 1600 1218 1659 per

267 1681 376 1739 paucos
399 1662 461 1719 dies
484 1664 578 1740 magis
599 1681 689 1739 quam
714 1662 889 1739 oppugnatio
917 1659 980 1731 fuit,
1009 1660 1079 1718 dum
1107 1661 1217 1719 vulnus

267 1741 350 1799 ducis
371 1753 542 1798 curaretur:
564 1760 617 1818 per
630 1741 706 1816 quod
729 1750 843 1817 tempus
863 1750 894 1797 ut
918 1742 1002 1816 quies
1022 1740 1216 1799 certaminum

268 1830 339 1890 erat,
354 1821 395 1879 ita
409 1822 445 1878 ab
459 1830 599 1897 apparatu
620 1839 742 1897 operum
764 1839 798 1877 ac
813 1820 1006 1877 munitionum
1028 1819 1101 1877 nihil
1120 1840 1216 1880 cessa·

267 1907 340 1956 tum.
383 1899 483 1976 Itaque
499 1902 597 1958 acrius
617 1899 653 1957 dc
674 1902 787 1977 integro
798 1910 933 1958 coortum
948 1909 991 1957 est
1011 1899 1130 1971 bellum,
1151 1900 1216 1976 plu-

218 1979 406 2056 2oribusque
439 1980 658 2056 partibus-vix
690 1980 899 2055 accipientibus
927 1979 1100 2055 quibusdam
1126 1998 1217 2055 opera

268 2058 474 2117 locis-vinea:
495 2070 598 2135 coeptoe
620 2060 668 2136 agi
690 2058 894 2134 admoverique
909 2060 994 2115 aries.
1037 2059 1217 2117 Abundabat

268 2138 452 2196 multitudine
480 2140 628 2196 hominum
653 2137 839 2196 Poenus-ad
862 2148 980 2195 centum
1004 2139 1217 2215 qulnquaginta
1299 2151 1303 2157 '
1354 2173 1357 2198 t

269 2217 361 2274 millia
389 2219 523 2275 haouisse
555 2219 586 2275 in
614 2218 703 2275 armis
730 2217 800 2275 satis
828 2216 1150 2295 creditum—oppidani
1179 2216 1216 2275 ed

268 2297 366 2353 omnia
380 2296 488 2353 tuenda
509 2308 594 2374 atque
608 2295 741 2354 obeunda
763 2296 952 2354 multifariam
975 2297 1105 2355 distineri
1126 2298 1215 2374 coepti

147 2382 151 2392 '
217 2388 257 2441 25
268 2384 344 2431 sunt.
387 2375 455 2433 Non
469 2376 669 2434 sufficiebant:
691 2377 789 2452 itaque
806 2377 868 2453 jam
883 2374 1062 2434 feriebantur
1076 2377 1215 2435 arietibus

268 2456 354 2524 muri,
369 2466 570 2533 quassataeque
585 2456 685 2516 multa:
705 2465 801 2533 partes
821 2466 914 2513 erant.
958 2454 1025 2514 Una
1045 2457 1214 2515 continenti-

267 2534 322 2591 bus
337 2536 429 2592 ruinis
442 2536 604 2593 nudaverat
624 2536 744 2593 urbem:
766 2545 825 2593 tres
845 2535 982 2611 deinceps
1002 2546 1107 2605 turres,
1122 2555 1213 2612 quan-

267 2623 387 2690 tumque
401 2616 475 2673 inter
489 2636 538 2674 eas
559 2616 635 2672 muri
650 2624 722 2685 erat,
737 2634 806 2672 cum
822 2614 936 2691 fragore
954 2616 1065 2693 ingenti
1086 2616 1213 2690 pmcide-

268 2704 345 2751 runt.
388 2694 512 2771 Captum
526 2695 661 2772 oppidum
675 2715 712 2753 ea
726 2696 811 2752 ruina
825 2693 1007 2753 crediderant
1021 2695 1122 2768 Poeni3
1146 2714 1213 2772 qua,

219 2786 255 2840 30
270 2772 348 2829 velut
362 2774 387 2830 si
407 2776 515 2849 pariter
535 2786 670 2850 utrosque
685 2793 789 2831 murus
811 2775 937 2843 texisset,
952 2775 993 2831 ita
1013 2776 1159 2851 utrimque
1184 2775 1214 2831 in

212 2920 215 2925 1
267 2869 395 2927 pugnam
409 2871 581 2927 procursum
596 2864 648 2910 est.
691 2853 775 2910 Nihil
790 2853 989 2925 tumultuaria:
1003 2873 1109 2932 pugnae
1119 2854 1214 2912 simila

267 2939 337 2998 erat,
363 2930 465 3006 quales
487 2933 516 2987 in
538 2933 798 3009 oppugnationibus
818 2933 935 2989 urbium
957 2952 1009 3009 per
1030 2935 1213 2991 occasionem

267 3009 355 3084 partis
367 3008 486 3067 alterius
497 3013 606 3068 conciri
620 3012 727 3069 solent:
750 3012 801 3069 sed
811 3006 899 3087 justa:
913 3014 1000 3084 acies,
1011 3014 1091 3071 velut
1105 3014 1214 3090 patenti

266 3106 377 3163 campo,
392 3088 468 3146 inter
488 3090 587 3147 ruinas
609 3092 685 3148 muri
706 3101 840 3167 tectaque
855 3092 935 3149 urbis
949 3093 1060 3151 modico
1079 3092 1214 3151 distantia

219 3181 256 3237 35
267 3166 419 3225 intervallo
433 3170 627 3227 constiterant.
664 3170 743 3229 Hinc
758 3190 832 3247 spes,
847 3171 916 3229 hinc
930 3171 1091 3248 desperatio
1103 3173 1213 3230 animos

266 3246 378 3320 irritat;
402 3246 491 3305 Poeno
506 3250 617 3326 cepisse
633 3250 695 3325 jem
710 3270 741 3307 se
757 3251 867 3320 urbem,
883 3252 907 3308 si
921 3253 1042 3327 paulum
1057 3253 1213 3322 annitatur,

266 3326 401 3385 credente
414 3347 422 3399 ;
446 3328 615 3406 Saguntinis
636 3348 688 3406 pro
702 3330 811 3387 nudata.
826 3331 971 3387 moenibus
985 3332 1079 3408 patrie
1093 3349 1214 3407 corpora

265 3407 480 3483 opponentibus,
496 3427 550 3465 nec
566 3408 626 3466 ullo
647 3409 750 3485 pedem
768 3408 919 3480 referente,
935 3429 972 3467 ne
991 3412 1021 3467 in
1041 3410 1176 3467 relictum
1196 3430 1213 3467 a

266 3506 297 3542 se
319 3487 415 3543 locum
436 3487 546 3544 hostem
566 3489 742 3545 immitteret.
786 3488 886 3564 ltaque
907 3508 965 3565 quo
987 3491 1084 3546 acrius
1098 3499 1126 3546 et
1146 3509 1213 3547 con-

221 3578 255 3635 40
267 3562 361 3622 sertim
377 3566 469 3641 magis
484 3568 629 3643 utrimque
644 3567 837 3643 pugnabatur,
853 3588 887 3625 eo
908 3569 1007 3644 plures
1019 3570 1212 3625 vulneraban-

266 3653 322 3713 tur,
338 3645 418 3702 nullo
439 3646 515 3702 inter
529 3652 616 3703 'arma
637 3665 815 3722 corporaque
830 3666 905 3705 vano
929 3648 1120 3706 intercidente
1145 3648 1212 3706 telo.

268 3721 421 3780 Phalarica
435 3734 498 3781 erat
512 3724 691 3802 Saguntinis,
706 3726 816 3782 missile
830 3727 921 3783 telum
936 3727 1033 3786 hastili
1048 3728 1171 3805 abiegno
1185 3738 1213 3785 et

265 3808 362 3858 cetero
382 3803 465 3859 tereti
486 3814 678 3879 praeterquam
694 3804 730 3862 ad
751 3814 923 3875 extremum,
939 3806 1016 3864 unde
1039 3806 1149 3865 ferrum
1164 3824 1213 3865 ex·

265 3879 368 3936 stabat.
391 3879 433 3949 Id,
447 3881 523 3939 sicut
536 3882 567 3938 in
580 3883 647 3959 pilo,
659 3881 833 3961 quadratum
847 3894 952 3963 stuppa
965 3886 1211 3966 circumligabant
