<?xml version="1.0" encoding="UTF-8"?>
<!DOCTYPE html PUBLIC "-//W3C//DTD XHTML 1.0 Transitional//EN"
    "http://www.w3.org/TR/xhtml1/DTD/xhtml1-transitional.dtd">
<html xmlns="http://www.w3.org/1999/xhtml" xml:lang="en" lang="en">
 <head>
  <title>
</title>
<meta http-equiv="Content-Type" content="text/html;charset=utf-8" />
  <meta name='ocr-system' content='tesseract 3.04.00' />
  <meta name='ocr-capabilities' content='ocr_page ocr_carea ocr_par ocr_line ocrx_word'/>
</head>
<body>
  <div class='ocr_page' id='page_1' title='image "./selectionsfromf01alscgoog_0166.png"; bbox 0 0 2717 4292; ppageno 0'>
   <div class='ocr_carea' id='block_1_1' title="bbox 177 256 746 317">
    <p class='ocr_par' dir='ltr' id='par_1_1' title="bbox 177 256 746 317">
     <span class='ocr_line' id='line_1_1' title="bbox 177 256 746 317; baseline -0.014 0"><span class='ocrx_word' id='word_1_1' title='bbox 177 256 236 317; x_wconf 82' lang='lat'>148</span> <span class='ocrx_word' id='word_1_2' title='bbox 592 268 651 309; x_wconf 85' lang='lat' dir='ltr'>rrrr</span> <span class='ocrx_word' id='word_1_3' title='bbox 672 261 746 310; x_wconf 71' lang='lat' dir='ltr'>amr</span> 
     </span>
    </p>
   </div>
   <div class='ocr_carea' id='block_1_2' title="bbox 179 395 1175 3877">
    <p class='ocr_par' dir='ltr' id='par_1_2' title="bbox 179 395 1175 3877">
     <span class='ocr_line' id='line_1_2' title="bbox 222 395 1165 479; baseline -0.005 -20"><span class='ocrx_word' id='word_1_4' title='bbox 222 400 284 479; x_wconf 82' lang='lat' dir='ltr'>ipsa</span> <span class='ocrx_word' id='word_1_5' title='bbox 297 398 373 458; x_wconf 85' lang='lat' dir='ltr'>inter</span> <span class='ocrx_word' id='word_1_6' title='bbox 386 418 417 457; x_wconf 88' lang='lat' dir='ltr'>se</span> <span class='ocrx_word' id='word_1_7' title='bbox 430 400 500 457; x_wconf 86' lang='lat' dir='ltr'>setis</span> <span class='ocrx_word' id='word_1_8' title='bbox 513 408 668 475; x_wconf 86' lang='lat' dir='ltr'>conspecta</span> <span class='ocrx_word' id='word_1_9' title='bbox 681 416 775 473; x_wconf 91' lang='lat' dir='ltr'>eoque</span> <span class='ocrx_word' id='word_1_10' title='bbox 788 398 883 473; x_wconf 85' lang='lat' dir='ltr'>magis</span> <span class='ocrx_word' id='word_1_11' title='bbox 902 397 1012 473; x_wconf 89' lang='lat' dir='ltr'>pariter</span> <span class='ocrx_word' id='word_1_12' title='bbox 1024 395 1165 456; x_wconf 77' lang='lat' dir='ltr'>decucur·</span> 
     </span>
     <span class='ocr_line' id='line_1_3' title="bbox 223 476 1167 553; baseline -0.003 -16"><span class='ocrx_word' id='word_1_13' title='bbox 223 490 329 537; x_wconf 91' lang='lat' dir='ltr'>rerant.</span> <span class='ocrx_word' id='word_1_14' title='bbox 372 479 522 537; x_wconf 88' lang='lat' dir='ltr'>Romanus</span> <span class='ocrx_word' id='word_1_15' title='bbox 536 478 663 535; x_wconf 91' lang='lat' dir='ltr'>clamore</span> <span class='ocrx_word' id='word_1_16' title='bbox 675 478 755 553; x_wconf 87' lang='lat' dir='ltr'>prius</span> <span class='ocrx_word' id='word_1_17' title='bbox 769 476 897 552; x_wconf 90' lang='lat' dir='ltr'>undique</span> <span class='ocrx_word' id='word_1_18' title='bbox 911 485 981 546; x_wconf 89' lang='lat' dir='ltr'>orto,</span> <span class='ocrx_word' id='word_1_19' title='bbox 995 494 1085 552; x_wconf 88' lang='lat' dir='ltr'>quam</span> <span class='ocrx_word' id='word_1_20' title='bbox 1098 477 1167 535; x_wconf 81' lang='lat' dir='ltr'>satia</span> 
     </span>
     <span class='ocr_line' id='line_1_4' title="bbox 223 554 1168 628; baseline -0.004 -11"><span class='ocrx_word' id='word_1_21' title='bbox 223 568 364 628; x_wconf 75' lang='lat' dir='ltr'>comeret,</span> <span class='ocrx_word' id='word_1_22' title='bbox 379 578 411 616; x_wconf 89' lang='lat' dir='ltr'>se</span> <span class='ocrx_word' id='word_1_23' title='bbox 432 560 664 615; x_wconf 90' lang='lat' dir='ltr'>circumventum</span> <span class='ocrx_word' id='word_1_24' title='bbox 683 576 746 613; x_wconf 91' lang='lat' dir='ltr'>esse</span> <span class='ocrx_word' id='word_1_25' title='bbox 761 556 857 624; x_wconf 91' lang='lat' dir='ltr'>sensit,</span> <span class='ocrx_word' id='word_1_26' title='bbox 872 565 901 611; x_wconf 91' lang='lat' dir='ltr'>et</span> <span class='ocrx_word' id='word_1_27' title='bbox 920 565 986 613; x_wconf 92' lang='lat' dir='ltr'>ante</span> <span class='ocrx_word' id='word_1_28' title='bbox 1000 556 1031 611; x_wconf 92' lang='lat' dir='ltr'>in</span> <span class='ocrx_word' id='word_1_29' title='bbox 1046 554 1168 613; x_wconf 78' lang='lat' dir='ltr'>frontem</span> 
     </span>
     <span class='ocr_line' id='line_1_5' title="bbox 223 635 1168 714; baseline -0.006 -19"><span class='ocrx_word' id='word_1_30' title='bbox 223 638 372 713; x_wconf 77' lang='lat' dir='ltr'>lateraque</span> <span class='ocrx_word' id='word_1_31' title='bbox 397 638 520 714; x_wconf 80' lang='lat' dir='ltr'><strong>pugnari</strong></span> <span class='ocrx_word' id='word_1_32' title='bbox 545 646 673 712; x_wconf 88' lang='lat' dir='ltr'>coeptum</span> <span class='ocrx_word' id='word_1_33' title='bbox 696 646 748 705; x_wconf 90' lang='lat' dir='ltr'>est,</span> <span class='ocrx_word' id='word_1_34' title='bbox 770 653 859 710; x_wconf 89' lang='lat' dir='ltr'>quam</span> <span class='ocrx_word' id='word_1_35' title='bbox 882 635 952 691; x_wconf 87' lang='lat' dir='ltr'>satis</span> <span class='ocrx_word' id='word_1_36' title='bbox 976 635 1168 691; x_wconf 83' lang='lat' dir='ltr'>instrueretur</span> 
     </span>
     <span class='ocr_line' id='line_1_6' title="bbox 195 712 1167 791; baseline -0.005 -17"><span class='ocrx_word' id='word_1_37' title='bbox 195 718 312 785; x_wconf 67' lang='lat' dir='ltr'>iacies,</span> <span class='ocrx_word' id='word_1_38' title='bbox 334 726 384 773; x_wconf 89' lang='lat' dir='ltr'>aut</span> <span class='ocrx_word' id='word_1_39' title='bbox 408 716 537 791; x_wconf 87' lang='lat' dir='ltr'>expediri</span> <span class='ocrx_word' id='word_1_40' title='bbox 562 734 643 771; x_wconf 90' lang='lat' dir='ltr'>arma</span> <span class='ocrx_word' id='word_1_41' title='bbox 665 716 826 790; x_wconf 78' lang='lat' dir='ltr'>stringique</span> <span class='ocrx_word' id='word_1_42' title='bbox 849 712 940 789; x_wconf 83' lang='lat' dir='ltr'>gladii</span> <span class='ocrx_word' id='word_1_43' title='bbox 961 723 1084 789; x_wconf 88' lang='lat' dir='ltr'>possent.</span> <span class='ocrx_word' id='word_1_44' title='bbox 1126 712 1167 769; x_wconf 91' lang='lat' dir='ltr'>V.</span> 
     </span>
     <span class='ocr_line' id='line_1_7' title="bbox 224 792 1168 871; baseline -0.004 -18"><span class='ocrx_word' id='word_1_45' title='bbox 224 794 342 863; x_wconf 87' lang='lat' dir='ltr'>Consul,</span> <span class='ocrx_word' id='word_1_46' title='bbox 366 796 507 871; x_wconf 87' lang='lat' dir='ltr'>perculsis</span> <span class='ocrx_word' id='word_1_47' title='bbox 530 795 671 861; x_wconf 89' lang='lat' dir='ltr'>omnibus,</span> <span class='ocrx_word' id='word_1_48' title='bbox 697 794 757 868; x_wconf 91' lang='lat' dir='ltr'>ipse</span> <span class='ocrx_word' id='word_1_49' title='bbox 781 794 860 861; x_wconf 88' lang='lat' dir='ltr'>satis,</span> <span class='ocrx_word' id='word_1_50' title='bbox 884 804 915 848; x_wconf 93' lang='lat' dir='ltr'>ut</span> <span class='ocrx_word' id='word_1_51' title='bbox 939 793 1024 849; x_wconf 91' lang='lat' dir='ltr'>inre</span> <span class='ocrx_word' id='word_1_52' title='bbox 1047 792 1168 867; x_wconf 93' lang='lat' dir='ltr'>trepida,</span> 
     </span>
     <span class='ocr_line' id='line_1_8' title="bbox 226 870 1168 951; baseline -0.002 -20"><span class='ocrx_word' id='word_1_53' title='bbox 226 874 397 951; x_wconf 79' lang='lat' dir='ltr'>impavidae,</span> <span class='ocrx_word' id='word_1_54' title='bbox 412 875 539 931; x_wconf 89' lang='lat' dir='ltr'>turbatos</span> <span class='ocrx_word' id='word_1_55' title='bbox 553 873 837 930; x_wconf 75' lang='lat' dir='ltr'>ordInes—vertente</span> <span class='ocrx_word' id='word_1_56' title='bbox 851 891 883 928; x_wconf 91' lang='lat' dir='ltr'>se</span> <span class='ocrx_word' id='word_1_57' title='bbox 897 889 1012 947; x_wconf 92' lang='lat' dir='ltr'>quoque</span> <span class='ocrx_word' id='word_1_58' title='bbox 1031 870 1066 927; x_wconf 97' lang='lat' dir='ltr'>ad</span> <span class='ocrx_word' id='word_1_59' title='bbox 1081 870 1168 929; x_wconf 89' lang='lat' dir='ltr'>disso-</span> 
     </span>
     <span class='ocr_line' id='line_1_9' title="bbox 226 950 1169 1027; baseline -0.002 -18"><span class='ocrx_word' id='word_1_60' title='bbox 226 971 278 1009; x_wconf 90' lang='lat' dir='ltr'>nos</span> <span class='ocrx_word' id='word_1_61' title='bbox 302 953 606 1021; x_wconf 86' lang='lat' dir='ltr'>clamores—instruit,</span> <span class='ocrx_word' id='word_1_62' title='bbox 628 960 659 1007; x_wconf 87' lang='lat' dir='ltr'>ut</span> <span class='ocrx_word' id='word_1_63' title='bbox 684 962 798 1027; x_wconf 92' lang='lat' dir='ltr'>tempus</span> <span class='ocrx_word' id='word_1_64' title='bbox 818 950 957 1025; x_wconf 91' lang='lat' dir='ltr'>locusque</span> <span class='ocrx_word' id='word_1_65' title='bbox 979 951 1104 1025; x_wconf 89' lang='lat' dir='ltr'>patitur;</span> <span class='ocrx_word' id='word_1_66' title='bbox 1131 960 1169 1018; x_wconf 93' lang='lat' dir='ltr'>et,</span> 
     </span>
     <span class='ocr_line' id='line_1_10' title="bbox 226 1029 1171 1107; baseline -0.002 -19"><span class='ocrx_word' id='word_1_67' title='bbox 226 1050 411 1107; x_wconf 88' lang='lat' dir='ltr'>quacumque</span> <span class='ocrx_word' id='word_1_68' title='bbox 426 1030 505 1088; x_wconf 86' lang='lat' dir='ltr'>adire</span> <span class='ocrx_word' id='word_1_69' title='bbox 520 1031 671 1106; x_wconf 87' lang='lat' dir='ltr'>audirique</span> <span class='ocrx_word' id='word_1_70' title='bbox 693 1039 792 1107; x_wconf 89' lang='lat' dir='ltr'>potest,</span> <span class='ocrx_word' id='word_1_71' title='bbox 808 1029 975 1087; x_wconf 82' lang='lat' dir='ltr'>adhortatur</span> <span class='ocrx_word' id='word_1_72' title='bbox 994 1048 1029 1086; x_wconf 96' lang='lat' dir='ltr'>ac</span> <span class='ocrx_word' id='word_1_73' title='bbox 1043 1038 1120 1085; x_wconf 90' lang='lat' dir='ltr'>stare</span> <span class='ocrx_word' id='word_1_74' title='bbox 1135 1046 1171 1086; x_wconf 87' lang='lat' dir='ltr'>ac</span> 
     </span>
     <span class='ocr_line' id='line_1_11' title="bbox 182 1108 1170 1187; baseline -0.008 -16"><span class='ocrx_word' id='word_1_75' title='bbox 182 1114 216 1171; x_wconf 82' lang='lat'>10</span> <span class='ocrx_word' id='word_1_76' title='bbox 227 1128 357 1187; x_wconf 88' lang='lat' dir='ltr'>pugnare</span> <span class='ocrx_word' id='word_1_77' title='bbox 381 1110 483 1185; x_wconf 88' lang='lat' dir='ltr'>jubet:</span> <span class='ocrx_word' id='word_1_78' title='bbox 518 1128 573 1166; x_wconf 90' lang='lat' dir='ltr'>nec</span> <span class='ocrx_word' id='word_1_79' title='bbox 601 1110 679 1166; x_wconf 88' lang='lat' dir='ltr'>enim</span> <span class='ocrx_word' id='word_1_80' title='bbox 706 1108 773 1165; x_wconf 93' lang='lat' dir='ltr'>inde</span> <span class='ocrx_word' id='word_1_81' title='bbox 798 1109 871 1165; x_wconf 88' lang='lat' dir='ltr'>votis</span> <span class='ocrx_word' id='word_1_82' title='bbox 895 1118 945 1164; x_wconf 86' lang='lat' dir='ltr'>aut</span> <span class='ocrx_word' id='word_1_83' title='bbox 971 1108 1170 1183; x_wconf 83' lang='lat' dir='ltr'>imploratione</span> 
     </span>
     <span class='ocr_line' id='line_1_12' title="bbox 226 1186 1171 1262; baseline -0.003 -17"><span class='ocrx_word' id='word_1_84' title='bbox 226 1188 323 1258; x_wconf 90' lang='lat' dir='ltr'>deum,</span> <span class='ocrx_word' id='word_1_85' title='bbox 348 1188 399 1245; x_wconf 88' lang='lat' dir='ltr'>sed</span> <span class='ocrx_word' id='word_1_86' title='bbox 423 1186 453 1246; x_wconf 90' lang='lat' dir='ltr'>vi</span> <span class='ocrx_word' id='word_1_87' title='bbox 478 1208 513 1247; x_wconf 90' lang='lat' dir='ltr'>ac</span> <span class='ocrx_word' id='word_1_88' title='bbox 536 1189 651 1257; x_wconf 88' lang='lat' dir='ltr'>virtute,</span> <span class='ocrx_word' id='word_1_89' title='bbox 675 1186 856 1245; x_wconf 88' lang='lat' dir='ltr'>evadendum</span> <span class='ocrx_word' id='word_1_90' title='bbox 874 1206 955 1244; x_wconf 89' lang='lat' dir='ltr'>esse:</span> <span class='ocrx_word' id='word_1_91' title='bbox 971 1205 1039 1262; x_wconf 67' lang='lat' dir='ltr'>⁴per</span> <span class='ocrx_word' id='word_1_92' title='bbox 1060 1186 1171 1243; x_wconf 88' lang='lat' dir='ltr'>medias</span> 
     </span>
     <span class='ocr_line' id='line_1_13' title="bbox 227 1266 1172 1342; baseline -0.004 -18"><span class='ocrx_word' id='word_1_93' title='bbox 227 1268 306 1324; x_wconf 90' lang='lat' dir='ltr'>acies</span> <span class='ocrx_word' id='word_1_94' title='bbox 321 1266 396 1324; x_wconf 83' lang='lat' dir='ltr'>ferro</span> <span class='ocrx_word' id='word_1_95' title='bbox 410 1268 488 1324; x_wconf 87' lang='lat' dir='ltr'>viam</span> <span class='ocrx_word' id='word_1_96' title='bbox 509 1268 582 1337; x_wconf 90' lang='lat' dir='ltr'>fieri,</span> <span class='ocrx_word' id='word_1_97' title='bbox 598 1277 635 1335; x_wconf 91' lang='lat' dir='ltr'>et,</span> <span class='ocrx_word' id='word_1_98' title='bbox 650 1266 832 1342; x_wconf 90' lang='lat' dir='ltr'>quotimoris</span> <span class='ocrx_word' id='word_1_99' title='bbox 849 1267 1005 1335; x_wconf 70' lang='lat' dir='ltr'>minusad,</span> <span class='ocrx_word' id='word_1_100' title='bbox 1020 1284 1055 1323; x_wconf 89' lang='lat' dir='ltr'>co</span> <span class='ocrx_word' id='word_1_101' title='bbox 1074 1266 1172 1321; x_wconf 87' lang='lat' dir='ltr'>minus</span> 
     </span>
     <span class='ocr_line' id='line_1_14' title="bbox 228 1343 1172 1423; baseline -0.003 -20"><span class='ocrx_word' id='word_1_102' title='bbox 228 1344 319 1403; x_wconf 85' lang='lat' dir='ltr'>ferme</span> <span class='ocrx_word' id='word_1_103' title='bbox 341 1346 465 1423; x_wconf 86' lang='lat' dir='ltr'>periculi</span> <span class='ocrx_word' id='word_1_104' title='bbox 489 1366 563 1404; x_wconf 90' lang='lat' dir='ltr'>esse.</span> <span class='ocrx_word' id='word_1_105' title='bbox 604 1345 741 1403; x_wconf 89' lang='lat' dir='ltr'>Ceterum</span> <span class='ocrx_word' id='word_1_106' title='bbox 760 1363 820 1421; x_wconf 81' lang='lat' dir='ltr'>prae</span> <span class='ocrx_word' id='word_1_107' title='bbox 841 1345 962 1420; x_wconf 88' lang='lat' dir='ltr'>strepitu</span> <span class='ocrx_word' id='word_1_108' title='bbox 987 1363 1024 1403; x_wconf 89' lang='lat' dir='ltr'>ac</span> <span class='ocrx_word' id='word_1_109' title='bbox 1044 1343 1172 1401; x_wconf 90' lang='lat' dir='ltr'>tumultu</span> 
     </span>
     <span class='ocr_line' id='line_1_15' title="bbox 228 1424 1172 1502; baseline -0.001 -21"><span class='ocrx_word' id='word_1_110' title='bbox 228 1442 283 1483; x_wconf 90' lang='lat' dir='ltr'>nec</span> <span class='ocrx_word' id='word_1_111' title='bbox 307 1426 460 1483; x_wconf 84' lang='lat' dir='ltr'>consilium</span> <span class='ocrx_word' id='word_1_112' title='bbox 479 1444 534 1483; x_wconf 90' lang='lat' dir='ltr'>nec</span> <span class='ocrx_word' id='word_1_113' title='bbox 556 1425 709 1502; x_wconf 89' lang='lat' dir='ltr'>imperium</span> <span class='ocrx_word' id='word_1_114' title='bbox 731 1424 825 1499; x_wconf 81' lang='lat' dir='ltr'>accipi</span> <span class='ocrx_word' id='word_1_115' title='bbox 847 1433 975 1501; x_wconf 84' lang='lat' dir='ltr'>poterat3</span> <span class='ocrx_word' id='word_1_116' title='bbox 1001 1432 1172 1499; x_wconf 88' lang='lat' dir='ltr'>tantumque</span> 
     </span>
     <span class='ocr_line' id='line_1_16' title="bbox 181 1503 1172 1581; baseline -0.004 -18"><span class='ocrx_word' id='word_1_117' title='bbox 181 1508 217 1563; x_wconf 87' lang='grc'>15</span> <span class='ocrx_word' id='word_1_118' title='bbox 229 1504 336 1574; x_wconf 89' lang='lat' dir='ltr'>aberat,</span> <span class='ocrx_word' id='word_1_119' title='bbox 347 1516 379 1561; x_wconf 91' lang='lat' dir='ltr'>ut</span> <span class='ocrx_word' id='word_1_120' title='bbox 387 1522 441 1561; x_wconf 89' lang='lat' dir='ltr'>sua</span> <span class='ocrx_word' id='word_1_121' title='bbox 449 1504 532 1581; x_wconf 85' lang='lat' dir='ltr'>signa</span> <span class='ocrx_word' id='word_1_122' title='bbox 542 1513 628 1579; x_wconf 85' lang='lat' dir='ltr'>atque</span> <span class='ocrx_word' id='word_1_123' title='bbox 642 1504 771 1561; x_wconf 87' lang='lat' dir='ltr'>ordinem</span> <span class='ocrx_word' id='word_1_124' title='bbox 784 1503 868 1560; x_wconf 89' lang='lat' dir='ltr'>miles</span> <span class='ocrx_word' id='word_1_125' title='bbox 882 1513 911 1560; x_wconf 93' lang='lat' dir='ltr'>et</span> <span class='ocrx_word' id='word_1_126' title='bbox 918 1503 1016 1562; x_wconf 89' lang='lat' dir='ltr'>locum</span> <span class='ocrx_word' id='word_1_127' title='bbox 1029 1510 1172 1571; x_wconf 85' lang='lat' dir='ltr'>nosceret,</span> 
     </span>
     <span class='ocr_line' id='line_1_17' title="bbox 229 1582 1174 1659; baseline -0.001 -20"><span class='ocrx_word' id='word_1_128' title='bbox 229 1592 261 1639; x_wconf 87' lang='lat' dir='ltr'>ut</span> <span class='ocrx_word' id='word_1_129' title='bbox 280 1583 329 1639; x_wconf 83' lang='lat' dir='ltr'>vix</span> <span class='ocrx_word' id='word_1_130' title='bbox 350 1583 386 1640; x_wconf 88' lang='lat' dir='ltr'>ad</span> <span class='ocrx_word' id='word_1_131' title='bbox 406 1601 488 1641; x_wconf 91' lang='lat' dir='ltr'>arma</span> <span class='ocrx_word' id='word_1_132' title='bbox 508 1582 648 1659; x_wconf 88' lang='lat' dir='ltr'>capienda</span> <span class='ocrx_word' id='word_1_133' title='bbox 670 1582 852 1658; x_wconf 89' lang='lat' dir='ltr'>aptandaque</span> <span class='ocrx_word' id='word_1_134' title='bbox 872 1600 978 1659; x_wconf 83' lang='lat' dir='ltr'>pugnae</span> <span class='ocrx_word' id='word_1_135' title='bbox 998 1589 1174 1657; x_wconf 85' lang='lat' dir='ltr'>competeret</span> 
     </span>
     <span class='ocr_line' id='line_1_18' title="bbox 229 1661 1173 1737; baseline -0.002 -19"><span class='ocrx_word' id='word_1_136' title='bbox 229 1662 352 1731; x_wconf 88' lang='lat' dir='ltr'>animus,</span> <span class='ocrx_word' id='word_1_137' title='bbox 365 1663 651 1737; x_wconf 86' lang='lat' dir='ltr'>opprimerenturque</span> <span class='ocrx_word' id='word_1_138' title='bbox 660 1662 787 1737; x_wconf 89' lang='lat' dir='ltr'>quidam,</span> <span class='ocrx_word' id='word_1_139' title='bbox 797 1663 908 1718; x_wconf 88' lang='lat' dir='ltr'>onerati</span> <span class='ocrx_word' id='word_1_140' title='bbox 922 1661 1015 1737; x_wconf 89' lang='lat' dir='ltr'>magis</span> <span class='ocrx_word' id='word_1_141' title='bbox 1025 1661 1071 1717; x_wconf 91' lang='lat' dir='ltr'>his</span> <span class='ocrx_word' id='word_1_142' title='bbox 1083 1678 1173 1736; x_wconf 92' lang='lat' dir='ltr'>quam</span> 
     </span>
     <span class='ocr_line' id='line_1_19' title="bbox 228 1740 1173 1817; baseline -0.001 -21"><span class='ocrx_word' id='word_1_143' title='bbox 228 1741 307 1797; x_wconf 86' lang='lat' dir='ltr'>tecti.</span> <span class='ocrx_word' id='word_1_144' title='bbox 347 1740 387 1798; x_wconf 88' lang='lat' dir='ltr'>Et</span> <span class='ocrx_word' id='word_1_145' title='bbox 401 1750 463 1797; x_wconf 89' lang='lat' dir='ltr'>erat</span> <span class='ocrx_word' id='word_1_146' title='bbox 477 1742 507 1796; x_wconf 90' lang='lat' dir='ltr'>in</span> <span class='ocrx_word' id='word_1_147' title='bbox 521 1750 600 1797; x_wconf 89' lang='lat' dir='ltr'>tanta</span> <span class='ocrx_word' id='word_1_148' title='bbox 614 1741 752 1817; x_wconf 88' lang='lat' dir='ltr'>calligine</span> <span class='ocrx_word' id='word_1_149' title='bbox 768 1740 859 1815; x_wconf 89' lang='lat' dir='ltr'>major</span> <span class='ocrx_word' id='word_1_150' title='bbox 872 1760 943 1797; x_wconf 89' lang='lat' dir='ltr'>usus</span> <span class='ocrx_word' id='word_1_151' title='bbox 954 1740 1071 1797; x_wconf 90' lang='lat' dir='ltr'>aurium</span> <span class='ocrx_word' id='word_1_152' title='bbox 1083 1758 1173 1815; x_wconf 91' lang='lat' dir='ltr'>quam</span> 
     </span>
     <span class='ocr_line' id='line_1_20' title="bbox 228 1818 1174 1896; baseline 0 -21"><span class='ocrx_word' id='word_1_153' title='bbox 228 1818 396 1876; x_wconf 91' lang='lat' dir='ltr'>oculorum:</span> <span class='ocrx_word' id='word_1_154' title='bbox 418 1818 454 1875; x_wconf 93' lang='lat' dir='ltr'>ad</span> <span class='ocrx_word' id='word_1_155' title='bbox 476 1820 601 1896; x_wconf 84' lang='lat' dir='ltr'>gemitus</span> <span class='ocrx_word' id='word_1_156' title='bbox 615 1819 773 1876; x_wconf 90' lang='lat' dir='ltr'>vulnerum</span> <span class='ocrx_word' id='word_1_157' title='bbox 797 1821 930 1895; x_wconf 91' lang='lat' dir='ltr'>ictusque</span> <span class='ocrx_word' id='word_1_158' title='bbox 950 1838 1104 1895; x_wconf 93' lang='lat' dir='ltr'>corporum</span> <span class='ocrx_word' id='word_1_159' title='bbox 1123 1828 1174 1875; x_wconf 88' lang='lat' dir='ltr'>aut</span> 
     </span>
     <span class='ocr_line' id='line_1_21' title="bbox 179 1899 1174 1974; baseline -0.002 -17"><span class='ocrx_word' id='word_1_160' title='bbox 179 1901 375 1957; x_wconf 78' lang='lat' dir='ltr'>20armorum</span> <span class='ocrx_word' id='word_1_161' title='bbox 398 1909 426 1955; x_wconf 91' lang='lat' dir='ltr'>et</span> <span class='ocrx_word' id='word_1_162' title='bbox 450 1899 553 1955; x_wconf 89' lang='lat' dir='ltr'>mixtos</span> <span class='ocrx_word' id='word_1_163' title='bbox 574 1900 761 1973; x_wconf 84' lang='lat' dir='ltr'>strepentium</span> <span class='ocrx_word' id='word_1_164' title='bbox 784 1900 1009 1974; x_wconf 86' lang='lat' dir='ltr'>paventiumque</span> <span class='ocrx_word' id='word_1_165' title='bbox 1031 1899 1174 1955; x_wconf 88' lang='lat' dir='ltr'>clamores</span> 
     </span>
     <span class='ocr_line' id='line_1_22' title="bbox 230 1976 1173 2054; baseline -0.001 -20"><span class='ocrx_word' id='word_1_166' title='bbox 230 1976 473 2034; x_wconf 84' lang='lat' dir='ltr'>circumferebant</span> <span class='ocrx_word' id='word_1_167' title='bbox 486 1995 537 2035; x_wconf 90' lang='lat' dir='ltr'>ora</span> <span class='ocrx_word' id='word_1_168' title='bbox 551 1978 724 2053; x_wconf 88' lang='lat' dir='ltr'>oculosque:</span> <span class='ocrx_word' id='word_1_169' title='bbox 747 1978 797 2035; x_wconf 87' lang='lat' dir='ltr'>alii</span> <span class='ocrx_word' id='word_1_170' title='bbox 819 1976 962 2054; x_wconf 78' lang='lat' dir='ltr'>fugientes</span> <span class='ocrx_word' id='word_1_171' title='bbox 983 1976 1173 2054; x_wconf 88' lang='lat' dir='ltr'>pugnantium</span> 
     </span>
     <span class='ocr_line' id='line_1_23' title="bbox 230 2056 1174 2133; baseline 0.002 -22"><span class='ocrx_word' id='word_1_172' title='bbox 230 2056 313 2133; x_wconf 84' lang='lat' dir='ltr'>globo</span> <span class='ocrx_word' id='word_1_173' title='bbox 324 2057 397 2113; x_wconf 91' lang='lat' dir='ltr'>illati</span> <span class='ocrx_word' id='word_1_174' title='bbox 411 2057 558 2114; x_wconf 86' lang='lat' dir='ltr'>haerebant</span> <span class='ocrx_word' id='word_1_175' title='bbox 564 2077 573 2129; x_wconf 81' lang='lat'>3</span> <span class='ocrx_word' id='word_1_176' title='bbox 598 2058 668 2113; x_wconf 87' lang='lat' dir='ltr'>alios</span> <span class='ocrx_word' id='word_1_177' title='bbox 680 2057 833 2114; x_wconf 89' lang='lat' dir='ltr'>redeuntes</span> <span class='ocrx_word' id='word_1_178' title='bbox 843 2058 873 2113; x_wconf 92' lang='lat' dir='ltr'>in</span> <span class='ocrx_word' id='word_1_179' title='bbox 887 2076 1015 2133; x_wconf 88' lang='lat' dir='ltr'>pugnam</span> <span class='ocrx_word' id='word_1_180' title='bbox 1026 2058 1174 2114; x_wconf 86' lang='lat' dir='ltr'>avertebat</span> 
     </span>
     <span class='ocr_line' id='line_1_24' title="bbox 230 2134 1172 2212; baseline 0.001 -22"><span class='ocrx_word' id='word_1_181' title='bbox 230 2134 404 2211; x_wconf 86' lang='lat' dir='ltr'>fugientium</span> <span class='ocrx_word' id='word_1_182' title='bbox 419 2154 533 2212; x_wconf 84' lang='lat' dir='ltr'>agmen.</span> <span class='ocrx_word' id='word_1_183' title='bbox 575 2135 697 2205; x_wconf 87' lang='lat' dir='ltr'>Deinde,</span> <span class='ocrx_word' id='word_1_184' title='bbox 713 2136 763 2192; x_wconf 93' lang='lat' dir='ltr'>ubi</span> <span class='ocrx_word' id='word_1_185' title='bbox 784 2137 814 2192; x_wconf 93' lang='lat' dir='ltr'>in</span> <span class='ocrx_word' id='word_1_186' title='bbox 827 2147 1036 2211; x_wconf 86' lang='lat' dir='ltr'>omnespartes</span> <span class='ocrx_word' id='word_1_187' title='bbox 1054 2135 1172 2211; x_wconf 87' lang='lat' dir='ltr'>nequid-</span> 
     </span>
     <span class='ocr_line' id='line_1_25' title="bbox 230 2215 1174 2290; baseline 0.003 -22"><span class='ocrx_word' id='word_1_188' title='bbox 230 2232 318 2288; x_wconf 84' lang='lat' dir='ltr'>quam</span> <span class='ocrx_word' id='word_1_189' title='bbox 343 2215 466 2290; x_wconf 88' lang='lat' dir='ltr'>impetus</span> <span class='ocrx_word' id='word_1_190' title='bbox 490 2216 575 2289; x_wconf 89' lang='lat' dir='ltr'>capti,</span> <span class='ocrx_word' id='word_1_191' title='bbox 591 2225 618 2271; x_wconf 90' lang='lat' dir='ltr'>et</span> <span class='ocrx_word' id='word_1_192' title='bbox 637 2215 673 2271; x_wconf 90' lang='lat' dir='ltr'>ab</span> <span class='ocrx_word' id='word_1_193' title='bbox 695 2215 834 2272; x_wconf 90' lang='lat' dir='ltr'>lateribus</span> <span class='ocrx_word' id='word_1_194' title='bbox 854 2225 965 2272; x_wconf 91' lang='lat' dir='ltr'>montes</span> <span class='ocrx_word' id='word_1_195' title='bbox 985 2234 1020 2271; x_wconf 90' lang='lat' dir='ltr'>ac</span> <span class='ocrx_word' id='word_1_196' title='bbox 1041 2215 1133 2284; x_wconf 92' lang='lat' dir='ltr'>lacus,</span> <span class='ocrx_word' id='word_1_197' title='bbox 1155 2233 1174 2271; x_wconf 88' lang='lat' dir='ltr'>a</span> 
     </span>
     <span class='ocr_line' id='line_1_26' title="bbox 180 2290 1172 2370; baseline 0.001 -20"><span class='ocrx_word' id='word_1_198' title='bbox 180 2298 220 2350; x_wconf 83' lang='lat'>25</span> <span class='ocrx_word' id='word_1_199' title='bbox 231 2290 322 2348; x_wconf 87' lang='lat' dir='ltr'>fronte</span> <span class='ocrx_word' id='word_1_200' title='bbox 337 2301 365 2349; x_wconf 90' lang='lat' dir='ltr'>et</span> <span class='ocrx_word' id='word_1_201' title='bbox 389 2293 426 2349; x_wconf 90' lang='lat' dir='ltr'>ab</span> <span class='ocrx_word' id='word_1_202' title='bbox 448 2303 528 2369; x_wconf 90' lang='lat' dir='ltr'>tergo</span> <span class='ocrx_word' id='word_1_203' title='bbox 549 2294 672 2350; x_wconf 90' lang='lat' dir='ltr'>hostium</span> <span class='ocrx_word' id='word_1_204' title='bbox 694 2295 774 2351; x_wconf 89' lang='lat' dir='ltr'>acies</span> <span class='ocrx_word' id='word_1_205' title='bbox 796 2293 957 2363; x_wconf 90' lang='lat' dir='ltr'>claudebat,</span> <span class='ocrx_word' id='word_1_206' title='bbox 973 2295 1172 2370; x_wconf 86' lang='lat' dir='ltr'>apparuitque,</span> 
     </span>
     <span class='ocr_line' id='line_1_27' title="bbox 230 2370 1174 2449; baseline 0.003 -23"><span class='ocrx_word' id='word_1_207' title='bbox 230 2370 350 2439; x_wconf 88' lang='lat' dir='ltr'>nullam,</span> <span class='ocrx_word' id='word_1_208' title='bbox 366 2371 422 2427; x_wconf 91' lang='lat' dir='ltr'>nisi</span> <span class='ocrx_word' id='word_1_209' title='bbox 442 2372 472 2427; x_wconf 92' lang='lat' dir='ltr'>in</span> <span class='ocrx_word' id='word_1_210' title='bbox 487 2372 604 2429; x_wconf 88' lang='lat' dir='ltr'>dextera</span> <span class='ocrx_word' id='word_1_211' title='bbox 626 2372 771 2448; x_wconf 84' lang='lat' dir='ltr'>ferroque,</span> <span class='ocrx_word' id='word_1_212' title='bbox 787 2373 889 2430; x_wconf 86' lang='lat' dir='ltr'>salutis</span> <span class='ocrx_word' id='word_1_213' title='bbox 911 2392 991 2449; x_wconf 90' lang='lat' dir='ltr'>spem</span> <span class='ocrx_word' id='word_1_214' title='bbox 1015 2392 1088 2442; x_wconf 90' lang='lat' dir='ltr'>esse,</span> <span class='ocrx_word' id='word_1_215' title='bbox 1112 2383 1174 2429; x_wconf 93' lang='lat' dir='ltr'>tum</span> 
     </span>
     <span class='ocr_line' id='line_1_28' title="bbox 230 2450 1173 2528; baseline 0.001 -21"><span class='ocrx_word' id='word_1_216' title='bbox 230 2450 285 2507; x_wconf 88' lang='lat' dir='ltr'>sibi</span> <span class='ocrx_word' id='word_1_217' title='bbox 305 2450 428 2525; x_wconf 88' lang='lat' dir='ltr'>quisque</span> <span class='ocrx_word' id='word_1_218' title='bbox 449 2450 507 2507; x_wconf 89' lang='lat' dir='ltr'>dux</span> <span class='ocrx_word' id='word_1_219' title='bbox 529 2450 749 2527; x_wconf 88' lang='lat' dir='ltr'>adhortatorque</span> <span class='ocrx_word' id='word_1_220' title='bbox 771 2451 865 2509; x_wconf 85' lang='lat' dir='ltr'>sactus</span> <span class='ocrx_word' id='word_1_221' title='bbox 879 2451 915 2508; x_wconf 88' lang='lat' dir='ltr'>ad</span> <span class='ocrx_word' id='word_1_222' title='bbox 930 2470 992 2508; x_wconf 91' lang='lat' dir='ltr'>rem</span> <span class='ocrx_word' id='word_1_223' title='bbox 1006 2452 1173 2528; x_wconf 90' lang='lat' dir='ltr'>gerendam,</span> 
     </span>
     <span class='ocr_line' id='line_1_29' title="bbox 231 2529 1175 2607; baseline 0.002 -22"><span class='ocrx_word' id='word_1_224' title='bbox 231 2538 260 2586; x_wconf 90' lang='lat' dir='ltr'>et</span> <span class='ocrx_word' id='word_1_225' title='bbox 273 2548 346 2586; x_wconf 87' lang='lat' dir='ltr'>nova</span> <span class='ocrx_word' id='word_1_226' title='bbox 361 2529 396 2586; x_wconf 93' lang='lat' dir='ltr'>de</span> <span class='ocrx_word' id='word_1_227' title='bbox 411 2530 521 2606; x_wconf 88' lang='lat' dir='ltr'>integm</span> <span class='ocrx_word' id='word_1_228' title='bbox 536 2540 633 2587; x_wconf 85' lang='lat' dir='ltr'>exorta</span> <span class='ocrx_word' id='word_1_229' title='bbox 653 2549 752 2607; x_wconf 86' lang='lat' dir='ltr'>pugne</span> <span class='ocrx_word' id='word_1_230' title='bbox 765 2542 816 2600; x_wconf 88' lang='lat' dir='ltr'>est,</span> <span class='ocrx_word' id='word_1_231' title='bbox 831 2549 888 2587; x_wconf 91' lang='lat' dir='ltr'>non</span> <span class='ocrx_word' id='word_1_232' title='bbox 908 2531 960 2587; x_wconf 90' lang='lat' dir='ltr'>illa</span> <span class='ocrx_word' id='word_1_233' title='bbox 979 2531 1109 2588; x_wconf 89' lang='lat' dir='ltr'>ordinata</span> <span class='ocrx_word' id='word_1_234' title='bbox 1123 2548 1175 2607; x_wconf 89' lang='lat' dir='ltr'>per</span> 
     </span>
     <span class='ocr_line' id='line_1_30' title="bbox 231 2609 1174 2686; baseline 0.003 -22"><span class='ocrx_word' id='word_1_235' title='bbox 231 2609 375 2684; x_wconf 86' lang='lat' dir='ltr'>principes</span> <span class='ocrx_word' id='word_1_236' title='bbox 395 2609 577 2685; x_wconf 86' lang='lat' dir='ltr'>hastatosque</span> <span class='ocrx_word' id='word_1_237' title='bbox 599 2629 634 2666; x_wconf 93' lang='lat' dir='ltr'>ac</span> <span class='ocrx_word' id='word_1_238' title='bbox 654 2611 777 2679; x_wconf 89' lang='lat' dir='ltr'>triarios,</span> <span class='ocrx_word' id='word_1_239' title='bbox 798 2628 854 2666; x_wconf 93' lang='lat' dir='ltr'>nec</span> <span class='ocrx_word' id='word_1_240' title='bbox 868 2619 899 2667; x_wconf 89' lang='lat' dir='ltr'>ut</span> <span class='ocrx_word' id='word_1_241' title='bbox 920 2628 970 2685; x_wconf 94' lang='lat' dir='ltr'>pro</span> <span class='ocrx_word' id='word_1_242' title='bbox 990 2611 1081 2686; x_wconf 90' lang='lat' dir='ltr'>signis</span> <span class='ocrx_word' id='word_1_243' title='bbox 1095 2621 1174 2667; x_wconf 82' lang='lat' dir='ltr'>ante·</span> 
     </span>
     <span class='ocr_line' id='line_1_31' title="bbox 183 2688 1175 2765; baseline 0 -20"><span class='ocrx_word' id='word_1_244' title='bbox 183 2688 354 2764; x_wconf 83' lang='lat' dir='ltr'>30signani,</span> <span class='ocrx_word' id='word_1_245' title='bbox 377 2698 438 2762; x_wconf 90' lang='lat' dir='ltr'>post</span> <span class='ocrx_word' id='word_1_246' title='bbox 462 2689 546 2764; x_wconf 89' lang='lat' dir='ltr'>signa</span> <span class='ocrx_word' id='word_1_247' title='bbox 567 2689 625 2745; x_wconf 85' lang='lat' dir='ltr'>alia</span> <span class='ocrx_word' id='word_1_248' title='bbox 650 2698 793 2765; x_wconf 89' lang='lat' dir='ltr'>pugnaret</span> <span class='ocrx_word' id='word_1_249' title='bbox 820 2690 907 2758; x_wconf 88' lang='lat' dir='ltr'>acies,</span> <span class='ocrx_word' id='word_1_250' title='bbox 931 2707 986 2746; x_wconf 90' lang='lat' dir='ltr'>nec</span> <span class='ocrx_word' id='word_1_251' title='bbox 1010 2699 1043 2746; x_wconf 94' lang='lat' dir='ltr'>ut</span> <span class='ocrx_word' id='word_1_252' title='bbox 1066 2690 1096 2746; x_wconf 92' lang='lat' dir='ltr'>in</span> <span class='ocrx_word' id='word_1_253' title='bbox 1120 2708 1175 2745; x_wconf 89' lang='lat' dir='ltr'>sua</span> 
     </span>
     <span class='ocr_line' id='line_1_32' title="bbox 231 2765 1174 2843; baseline 0.001 -20"><span class='ocrx_word' id='word_1_254' title='bbox 231 2765 345 2842; x_wconf 89' lang='lat' dir='ltr'>legione</span> <span class='ocrx_word' id='word_1_255' title='bbox 367 2768 450 2823; x_wconf 90' lang='lat' dir='ltr'>miles</span> <span class='ocrx_word' id='word_1_256' title='bbox 467 2776 517 2823; x_wconf 89' lang='lat' dir='ltr'>aut</span> <span class='ocrx_word' id='word_1_257' title='bbox 539 2768 654 2825; x_wconf 88' lang='lat' dir='ltr'>cohorte</span> <span class='ocrx_word' id='word_1_258' title='bbox 676 2777 727 2824; x_wconf 89' lang='lat' dir='ltr'>aut</span> <span class='ocrx_word' id='word_1_259' title='bbox 747 2768 894 2843; x_wconf 89' lang='lat' dir='ltr'>manipulo</span> <span class='ocrx_word' id='word_1_260' title='bbox 914 2778 1006 2825; x_wconf 88' lang='lat' dir='ltr'>esset:</span> <span class='ocrx_word' id='word_1_261' title='bbox 1029 2766 1087 2825; x_wconf 79' lang='lat' dir='ltr'>fors</span> <span class='ocrx_word' id='word_1_262' title='bbox 1107 2787 1174 2826; x_wconf 89' lang='lat' dir='ltr'>con-</span> 
     </span>
     <span class='ocr_line' id='line_1_33' title="bbox 230 2843 1175 2923; baseline 0.005 -23"><span class='ocrx_word' id='word_1_263' title='bbox 230 2843 342 2919; x_wconf 82' lang='lat' dir='ltr'>globat,</span> <span class='ocrx_word' id='word_1_264' title='bbox 362 2855 390 2901; x_wconf 90' lang='lat' dir='ltr'>et</span> <span class='ocrx_word' id='word_1_265' title='bbox 414 2846 528 2923; x_wconf 87' lang='lat' dir='ltr'>animus</span> <span class='ocrx_word' id='word_1_266' title='bbox 552 2865 623 2902; x_wconf 90' lang='lat' dir='ltr'>suus</span> <span class='ocrx_word' id='word_1_267' title='bbox 646 2848 752 2922; x_wconf 91' lang='lat' dir='ltr'>cuique</span> <span class='ocrx_word' id='word_1_268' title='bbox 777 2857 843 2904; x_wconf 91' lang='lat' dir='ltr'>ante</span> <span class='ocrx_word' id='word_1_269' title='bbox 868 2855 918 2905; x_wconf 89' lang='lat' dir='ltr'>aut</span> <span class='ocrx_word' id='word_1_270' title='bbox 940 2855 1001 2923; x_wconf 87' lang='lat' dir='ltr'>post</span> <span class='ocrx_word' id='word_1_271' title='bbox 1026 2848 1175 2923; x_wconf 90' lang='lat' dir='ltr'>pugnandi</span> 
     </span>
     <span class='ocr_line' id='line_1_34' title="bbox 230 2922 1174 3000; baseline 0.004 -21"><span class='ocrx_word' id='word_1_272' title='bbox 230 2922 360 2979; x_wconf 86' lang='lat' dir='ltr'>ordinem</span> <span class='ocrx_word' id='word_1_273' title='bbox 380 2922 482 2980; x_wconf 89' lang='lat' dir='ltr'>dabat:</span> <span class='ocrx_word' id='word_1_274' title='bbox 505 2934 658 3000; x_wconf 88' lang='lat' dir='ltr'>tantusque</span> <span class='ocrx_word' id='word_1_275' title='bbox 681 2925 735 2983; x_wconf 85' lang='lat' dir='ltr'>fuit</span> <span class='ocrx_word' id='word_1_276' title='bbox 756 2926 842 2983; x_wconf 85' lang='lat' dir='ltr'>ardor</span> <span class='ocrx_word' id='word_1_277' title='bbox 862 2944 1017 2996; x_wconf 90' lang='lat' dir='ltr'>armorum,</span> <span class='ocrx_word' id='word_1_278' title='bbox 1040 2926 1111 2983; x_wconf 92' lang='lat' dir='ltr'>adeo</span> <span class='ocrx_word' id='word_1_279' title='bbox 1131 2928 1174 2983; x_wconf 82' lang='lat' dir='ltr'>in-</span> 
     </span>
     <span class='ocr_line' id='line_1_35' title="bbox 231 3003 1174 3080; baseline 0.006 -24"><span class='ocrx_word' id='word_1_280' title='bbox 231 3009 327 3057; x_wconf 89' lang='lat' dir='ltr'>tentus</span> <span class='ocrx_word' id='word_1_281' title='bbox 341 3020 445 3077; x_wconf 85' lang='lat' dir='ltr'>pugnae</span> <span class='ocrx_word' id='word_1_282' title='bbox 460 3003 582 3073; x_wconf 86' lang='lat' dir='ltr'>animus,</span> <span class='ocrx_word' id='word_1_283' title='bbox 595 3015 627 3060; x_wconf 92' lang='lat' dir='ltr'>ut</span> <span class='ocrx_word' id='word_1_284' title='bbox 641 3024 709 3061; x_wconf 90' lang='lat' dir='ltr'>eum</span> <span class='ocrx_word' id='word_1_285' title='bbox 718 3016 828 3063; x_wconf 90' lang='lat' dir='ltr'>motum</span> <span class='ocrx_word' id='word_1_286' title='bbox 840 3016 935 3074; x_wconf 83' lang='lat' dir='ltr'>terrae,</span> <span class='ocrx_word' id='word_1_287' title='bbox 950 3008 1001 3080; x_wconf 92' lang='lat' dir='ltr'>qui</span> <span class='ocrx_word' id='word_1_288' title='bbox 1015 3005 1174 3063; x_wconf 88' lang='lat' dir='ltr'>multarum</span> 
     </span>
     <span class='ocr_line' id='line_1_36' title="bbox 183 3079 1174 3161; baseline 0.004 -22"><span class='ocrx_word' id='word_1_289' title='bbox 183 3079 348 3141; x_wconf 80' lang='lat' dir='ltr'>35urbium</span> <span class='ocrx_word' id='word_1_290' title='bbox 362 3080 453 3138; x_wconf 85' lang='lat' dir='ltr'>ltaliae</span> <span class='ocrx_word' id='word_1_291' title='bbox 473 3100 594 3159; x_wconf 88' lang='lat' dir='ltr'>magnas</span> <span class='ocrx_word' id='word_1_292' title='bbox 615 3093 711 3159; x_wconf 89' lang='lat' dir='ltr'>partes</span> <span class='ocrx_word' id='word_1_293' title='bbox 732 3086 883 3159; x_wconf 87' lang='lat' dir='ltr'>prostravit</span> <span class='ocrx_word' id='word_1_294' title='bbox 904 3086 1065 3161; x_wconf 87' lang='lat' dir='ltr'>avertitque</span> <span class='ocrx_word' id='word_1_295' title='bbox 1084 3103 1174 3143; x_wconf 90' lang='lat' dir='ltr'>cursu</span> 
     </span>
     <span class='ocr_line' id='line_1_37' title="bbox 232 3159 1174 3241; baseline 0.007 -26"><span class='ocrx_word' id='word_1_296' title='bbox 232 3159 344 3234; x_wconf 89' lang='lat' dir='ltr'>rapidos</span> <span class='ocrx_word' id='word_1_297' title='bbox 372 3178 482 3230; x_wconf 90' lang='lat' dir='ltr'>amnes,</span> <span class='ocrx_word' id='word_1_298' title='bbox 507 3180 587 3219; x_wconf 89' lang='lat' dir='ltr'>mare</span> <span class='ocrx_word' id='word_1_299' title='bbox 616 3163 784 3237; x_wconf 82' lang='lat' dir='ltr'>fluminibus</span> <span class='ocrx_word' id='word_1_300' title='bbox 811 3164 930 3235; x_wconf 87' lang='lat' dir='ltr'>invexit,</span> <span class='ocrx_word' id='word_1_301' title='bbox 955 3175 1066 3222; x_wconf 90' lang='lat' dir='ltr'>montes</span> <span class='ocrx_word' id='word_1_302' title='bbox 1090 3164 1174 3241; x_wconf 90' lang='lat' dir='ltr'>lapsu</span> 
     </span>
     <span class='ocr_line' id='line_1_38' title="bbox 231 3238 924 3318; baseline 0.004 -22"><span class='ocrx_word' id='word_1_303' title='bbox 231 3238 341 3315; x_wconf 87' lang='lat' dir='ltr'>ingenti</span> <span class='ocrx_word' id='word_1_304' title='bbox 356 3240 473 3316; x_wconf 90' lang='lat' dir='ltr'>proruit,</span> <span class='ocrx_word' id='word_1_305' title='bbox 488 3260 573 3299; x_wconf 89' lang='lat' dir='ltr'>nemo</span> <span class='ocrx_word' id='word_1_306' title='bbox 588 3243 779 3318; x_wconf 89' lang='lat' dir='ltr'>pugnantium</span> <span class='ocrx_word' id='word_1_307' title='bbox 793 3245 924 3301; x_wconf 91' lang='lat' dir='ltr'>senserit.</span> 
     </span>
     <span class='ocr_line' id='line_1_39' title="bbox 271 3317 1172 3398; baseline 0.004 -23"><span class='ocrx_word' id='word_1_308' title='bbox 271 3317 323 3376; x_wconf 86' lang='lat' dir='ltr'>Vl.</span> <span class='ocrx_word' id='word_1_309' title='bbox 346 3320 421 3377; x_wconf 89' lang='lat' dir='ltr'>Tres</span> <span class='ocrx_word' id='word_1_310' title='bbox 431 3318 521 3377; x_wconf 87' lang='lat' dir='ltr'>ferme</span> <span class='ocrx_word' id='word_1_311' title='bbox 530 3321 615 3378; x_wconf 90' lang='lat' dir='ltr'>horas</span> <span class='ocrx_word' id='word_1_312' title='bbox 629 3331 790 3397; x_wconf 89' lang='lat' dir='ltr'>pugnatum</span> <span class='ocrx_word' id='word_1_313' title='bbox 801 3333 853 3391; x_wconf 91' lang='lat' dir='ltr'>est,</span> <span class='ocrx_word' id='word_1_314' title='bbox 862 3334 891 3380; x_wconf 89' lang='lat' dir='ltr'>et</span> <span class='ocrx_word' id='word_1_315' title='bbox 905 3323 1012 3398; x_wconf 91' lang='lat' dir='ltr'>ubique</span> <span class='ocrx_word' id='word_1_316' title='bbox 1027 3324 1172 3381; x_wconf 86' lang='lat' dir='ltr'>atrociter.</span> 
     </span>
     <span class='ocr_line' id='line_1_40' title="bbox 230 3396 1175 3479; baseline 0.007 -26"><span class='ocrx_word' id='word_1_317' title='bbox 230 3396 317 3455; x_wconf 81' lang='lat' dir='ltr'>Circa</span> <span class='ocrx_word' id='word_1_318' title='bbox 328 3400 476 3456; x_wconf 88' lang='lat' dir='ltr'>consulem</span> <span class='ocrx_word' id='word_1_319' title='bbox 491 3410 586 3457; x_wconf 88' lang='lat' dir='ltr'>tamen</span> <span class='ocrx_word' id='word_1_320' title='bbox 602 3402 696 3457; x_wconf 88' lang='lat' dir='ltr'>acrior</span> <span class='ocrx_word' id='word_1_321' title='bbox 710 3401 897 3477; x_wconf 89' lang='lat' dir='ltr'>infestiorque</span> <span class='ocrx_word' id='word_1_322' title='bbox 911 3422 1009 3479; x_wconf 90' lang='lat' dir='ltr'>pugna</span> <span class='ocrx_word' id='word_1_323' title='bbox 1023 3413 1083 3459; x_wconf 91' lang='lat' dir='ltr'>est:</span> <span class='ocrx_word' id='word_1_324' title='bbox 1106 3422 1175 3460; x_wconf 89' lang='lat' dir='ltr'>eum</span> 
     </span>
     <span class='ocr_line' id='line_1_41' title="bbox 183 3479 1175 3557; baseline 0.003 -22"><span class='ocrx_word' id='word_1_325' title='bbox 183 3480 220 3535; x_wconf 80' lang='lat' dir='ltr'>to</span> <span class='ocrx_word' id='word_1_326' title='bbox 231 3486 259 3532; x_wconf 89' lang='lat' dir='ltr'>et</span> <span class='ocrx_word' id='word_1_327' title='bbox 281 3479 382 3534; x_wconf 88' lang='lat' dir='ltr'>robora</span> <span class='ocrx_word' id='word_1_328' title='bbox 403 3480 531 3535; x_wconf 89' lang='lat' dir='ltr'>virorum</span> <span class='ocrx_word' id='word_1_329' title='bbox 556 3481 761 3555; x_wconf 87' lang='lat' dir='ltr'>sequebantur,</span> <span class='ocrx_word' id='word_1_330' title='bbox 784 3491 813 3538; x_wconf 93' lang='lat' dir='ltr'>et</span> <span class='ocrx_word' id='word_1_331' title='bbox 836 3483 906 3557; x_wconf 89' lang='lat' dir='ltr'>ipse,</span> <span class='ocrx_word' id='word_1_332' title='bbox 932 3500 1119 3557; x_wconf 86' lang='lat' dir='ltr'>quacumque</span> <span class='ocrx_word' id='word_1_333' title='bbox 1144 3483 1175 3539; x_wconf 91' lang='lat' dir='ltr'>in</span> 
     </span>
     <span class='ocr_line' id='line_1_42' title="bbox 230 3558 1174 3638; baseline 0.008 -27"><span class='ocrx_word' id='word_1_334' title='bbox 230 3565 310 3629; x_wconf 91' lang='lat' dir='ltr'>parte</span> <span class='ocrx_word' id='word_1_335' title='bbox 333 3559 423 3631; x_wconf 88' lang='lat' dir='ltr'>premi</span> <span class='ocrx_word' id='word_1_336' title='bbox 449 3577 483 3614; x_wconf 88' lang='lat' dir='ltr'>ac</span> <span class='ocrx_word' id='word_1_337' title='bbox 508 3558 639 3615; x_wconf 89' lang='lat' dir='ltr'>laborare</span> <span class='ocrx_word' id='word_1_338' title='bbox 663 3570 793 3616; x_wconf 89' lang='lat' dir='ltr'>senserat</span> <span class='ocrx_word' id='word_1_339' title='bbox 817 3580 893 3629; x_wconf 88' lang='lat' dir='ltr'>suos,</span> <span class='ocrx_word' id='word_1_340' title='bbox 917 3562 1039 3638; x_wconf 92' lang='lat' dir='ltr'>impigre</span> <span class='ocrx_word' id='word_1_341' title='bbox 1064 3561 1174 3619; x_wconf 85' lang='lat' dir='ltr'>ferebat</span> 
     </span>
     <span class='ocr_line' id='line_1_43' title="bbox 229 3636 1174 3715; baseline 0.008 -26"><span class='ocrx_word' id='word_1_342' title='bbox 229 3652 330 3710; x_wconf 86' lang='lat' dir='ltr'>opem:</span> <span class='ocrx_word' id='word_1_343' title='bbox 351 3636 551 3713; x_wconf 89' lang='lat' dir='ltr'>insignemque</span> <span class='ocrx_word' id='word_1_344' title='bbox 572 3640 659 3694; x_wconf 88' lang='lat' dir='ltr'>armis</span> <span class='ocrx_word' id='word_1_345' title='bbox 680 3648 709 3695; x_wconf 90' lang='lat' dir='ltr'>et</span> <span class='ocrx_word' id='word_1_346' title='bbox 729 3639 824 3696; x_wconf 81' lang='lat' dir='ltr'>hostes</span> <span class='ocrx_word' id='word_1_347' title='bbox 844 3659 959 3697; x_wconf 89' lang='lat' dir='ltr'>summa</span> <span class='ocrx_word' id='word_1_348' title='bbox 979 3642 1009 3697; x_wconf 87' lang='lat' dir='ltr'>vi</span> <span class='ocrx_word' id='word_1_349' title='bbox 1030 3641 1174 3715; x_wconf 87' lang='lat' dir='ltr'>petebant,</span> 
     </span>
     <span class='ocr_line' id='line_1_44' title="bbox 228 3713 1174 3795; baseline 0.011 -28"><span class='ocrx_word' id='word_1_350' title='bbox 228 3720 258 3767; x_wconf 89' lang='lat' dir='ltr'>et</span> <span class='ocrx_word' id='word_1_351' title='bbox 271 3713 427 3771; x_wconf 88' lang='lat' dir='ltr'>tuebantur</span> <span class='ocrx_word' id='word_1_352' title='bbox 440 3716 529 3785; x_wconf 89' lang='lat' dir='ltr'>cives,</span> <span class='ocrx_word' id='word_1_353' title='bbox 544 3716 635 3773; x_wconf 89' lang='lat' dir='ltr'>donec</span> <span class='ocrx_word' id='word_1_354' title='bbox 655 3716 778 3775; x_wconf 88' lang='lat' dir='ltr'>Insuber</span> <span class='ocrx_word' id='word_1_355' title='bbox 796 3718 1055 3795; x_wconf 90' lang='lat' dir='ltr'>eques—Ducario</span> <span class='ocrx_word' id='word_1_356' title='bbox 1067 3737 1174 3777; x_wconf 89' lang='lat' dir='ltr'>nomen</span> 
     </span>
     <span class='ocr_line' id='line_1_45' title="bbox 227 3789 1172 3877; baseline 0.012 -30"><span class='ocrx_word' id='word_1_357' title='bbox 227 3789 407 3849; x_wconf 81' lang='lat' dir='ltr'>erat—facie</span> <span class='ocrx_word' id='word_1_358' title='bbox 428 3809 543 3869; x_wconf 90' lang='lat' dir='ltr'>quoque</span> <span class='ocrx_word' id='word_1_359' title='bbox 566 3796 721 3865; x_wconf 86' lang='lat' dir='ltr'>noscitans,</span> <span class='ocrx_word' id='word_1_360' title='bbox 745 3798 877 3856; x_wconf 86' lang='lat' dir='ltr'>“consul</span> <span class='ocrx_word' id='word_1_361' title='bbox 901 3797 960 3856; x_wconf 89' lang='lat' dir='ltr'>en&#39;&#39;</span> <span class='ocrx_word' id='word_1_362' title='bbox 980 3797 1075 3877; x_wconf 89' lang='lat' dir='ltr'>inquit</span> <span class='ocrx_word' id='word_1_363' title='bbox 1096 3798 1172 3857; x_wconf 85' lang='lat' dir='ltr'>“hie</span> 
     </span>
    </p>
   </div>
   <div class='ocr_carea' id='block_1_3' title="bbox 0 0 1368 4292">
    <p class='ocr_par' dir='ltr' id='par_1_3' title="bbox 0 0 1368 4292">
     <span class='ocr_line' id='line_1_46' title="bbox 0 0 1368 4292; baseline 0 0"><span class='ocrx_word' id='word_1_364' title='bbox 0 0 1368 4292; x_wconf 95' lang='lat' dir='ltr'> </span> 
     </span>
    </p>
   </div>
  </div>
 </body>
</html>
