2717 4292
383 835 386 842 ⁴
440 756 631 851 LIBRI
681 757 877 850 PRllll

173 1108 238 1150 one.
252 1106 371 1148 1-xxva
400 1075 611 1147 'mu-xxxv.
653 1107 829 1148 m1x-xa1.
870 1107 1033 1150 xiv-nm.
1077 1108 1139 1170 nm,

596 1197 718 1238 arr-ax.

199 1378 224 1439 Ι.
246 1379 315 1437 Jem
335 1380 460 1456 primum
481 1379 611 1438 omnium
631 1381 702 1438 satis
722 1390 841 1450 constat,
855 1380 947 1458 Troja
966 1389 1061 1458 capta,
1075 1382 1106 1440 in

160 1468 274 1518 ceteros
287 1460 420 1516 saevitum
439 1478 502 1516 esse
517 1458 677 1535 Trojanos:
699 1459 820 1529 duobus,
835 1459 937 1517 AEnere
951 1461 1105 1519 Antenori·

161 1556 227 1614 que,
242 1547 272 1596 et
296 1538 402 1598 vetusti
423 1537 490 1614 jure
512 1537 626 1613 hospitii
650 1547 679 1595 et
702 1539 772 1614 quia
794 1539 874 1615 pacis
898 1537 1106 1615 reddendaeque

161 1616 286 1674 Helenae
300 1634 413 1692 semper
434 1624 566 1674 auctores
581 1615 708 1686 fuerunt,
723 1635 808 1674 omne
825 1617 876 1693 jus
894 1616 963 1673 belli
976 1616 1107 1676 Achivos

162 1696 346 1753 abstinuisse.
387 1695 511 1753 Casibus
524 1693 628 1752 deinde
642 1696 733 1752 variis
748 1696 928 1753 Antenorem
949 1713 1017 1753 cum
1032 1696 1133 1758 mul-5

160 1774 284 1832 titudine
307 1773 444 1844 Enetum,
460 1775 511 1849 qui
535 1773 672 1832 seditione
697 1793 734 1832 ex
759 1773 954 1851 Paphlagonia
977 1774 1062 1851 pulsi,
1077 1786 1106 1834 et

160 1853 245 1911 sedes
259 1862 288 1910 et
308 1852 421 1922 ducem,
437 1871 506 1930 rege
528 1852 693 1927 Pylaemene
708 1852 745 1910 ad
758 1852 879 1930 Trojam
899 1854 1013 1924 amisso,
1027 1873 1105 1930 quae·

161 1933 273 2001 rebant,
288 1933 401 1989 venisse
415 1933 446 1988 in
465 1931 599 1988 intimum
620 1931 783 1990 Hadriatici
803 1933 892 1989 maris
909 1934 1023 1990 sinum:
1044 1933 1105 1990 Eu-

160 2012 331 2088 ganeisque,
350 2010 401 2086 qui
424 2011 499 2067 inter
526 2028 607 2068 mare
631 2011 782 2087 Alpesque
808 2011 980 2081 incolebant,
1005 2012 1105 2088 pulsis,

162 2089 272 2148 Enetos
286 2089 485 2166 Trojanosque
506 2108 556 2146 cas
576 2090 702 2147 tenuisse
722 2099 831 2148 terras:
853 2099 881 2147 et
894 2091 925 2146 in
944 2108 1030 2165 quem
1050 2092 1154 2167 pri-10

161 2187 244 2225 mum
258 2170 368 2245 egressi
382 2179 448 2225 sunt
462 2169 568 2238 locum,
584 2168 674 2245 Troja
689 2179 818 2239 vocatur,
833 2187 964 2246 pagoque
977 2167 1106 2246 Trojano

160 2247 229 2305 inde
243 2266 346 2305 nomen
361 2257 423 2320 est3
446 2266 518 2324 gens
532 2249 669 2305 universa
682 2247 787 2306 Veneti
802 2248 947 2324 appellati.
989 2247 1105 2306 AEnean

162 2327 199 2383 ab
213 2328 302 2385 simili
316 2326 398 2384 clade
412 2326 496 2384 domo
506 2324 669 2404 profugum,
679 2326 730 2384 sed
741 2325 778 2383 ad
788 2326 898 2402 majora
911 2345 1010 2385 rerum
1024 2328 1106 2384 initia

130 2477 132 2482 ,
162 2404 336 2463 ducentibus
360 2403 434 2475 satis,
454 2406 545 2482 primo
568 2407 598 2462 in
623 2405 823 2464 Macedoniam
848 2406 970 2475 venisse,
985 2405 1051 2464 inde
1075 2406 1105 2462 in

163 2483 295 2542 Siciliam
316 2494 492 2560 quaerentem
513 2484 595 2542 sedes
616 2485 754 2554 delatum,
774 2485 810 2542 ab
831 2484 933 2542 Sicilia
953 2484 1048 2542 classe
1069 2483 1105 2541 ad
1117 2486 1154 2540 15

163 2561 343 2620 Laurentem
364 2581 467 2640 agrum
488 2564 626 2620 tenuisse.
668 2563 760 2638 Troja
780 2573 808 2620 et
828 2563 898 2619 huic
918 2562 981 2618 loco
1001 2580 1106 2618 nomeu

163 2652 215 2700 est.
258 2640 302 2699 lbi
314 2639 315 2642 ’
327 2644 435 2718 egressi
460 2641 654 2717 Trojani-ut
675 2641 781 2715 quibus
803 2640 839 2696 ab
859 2641 1000 2695 immenso
1020 2657 1106 2714 prope

164 2738 262 2778 errore
283 2720 354 2776 nihil
375 2730 478 2798 praeter
500 2738 582 2777 arma
602 2729 631 2776 et
644 2737 734 2775 naves
750 2726 1020 2794 superesset-oum
1035 2735 1105 2793 prae·

164 2799 230 2856 dam
252 2819 289 2857 ex
314 2800 393 2876 agris
416 2809 544 2876 agerent,
568 2796 692 2857 Latinus
716 2815 768 2854 rex
791 2797 1032 2874 Aboriginesque,
1055 2796 1106 2873 qui

164 2887 273 2936 tumea
289 2879 423 2936 tenebant
436 2878 509 2948 loca,
520 2877 555 2936 ad
570 2877 726 2935 arcendam
737 2877 795 2934 vim
810 2877 988 2934 advenarum
1003 2877 1105 2934 armati
1115 2879 1154 2935 20

164 2976 200 3016 ex
216 2958 286 3014 urbe
302 2967 387 3033 atque
408 2958 486 3034 agris
506 2964 693 3015 concurrunt.
735 2953 851 3033 Duplex
865 2955 931 3014 inde
953 2954 1031 3013 sama
1045 2966 1104 3014 est:

164 3035 223 3105 alii,
239 3036 342 3112 proelio
363 3036 473 3094 victum
493 3033 641 3105 Latinum,
663 3053 766 3111 pacem
786 3053 855 3093 cum
876 3035 982 3105 AEnea,
1003 3034 1105 3092 deinde

164 3114 333 3173 affinitatem
357 3114 488 3190 junxisse
515 3113 648 3172 tradunt:
680 3114 739 3184 alii,
761 3133 830 3172 cum
850 3115 1000 3171 instruotae
1027 3114 1106 3171 acies

164 3193 364 3263 constitissent,
380 3194 548 3269 priusquam
567 3194 650 3270 signa
671 3203 817 3263 canerent,
832 3194 1005 3270 processisse
1026 3189 1105 3250 Lati-

163 3289 235 3329 num
260 3272 336 3329 inter
358 3272 505 3348 primores,
527 3272 631 3329 ducem
652 3289 690 3328 ue
711 3271 889 3328 advenarum
909 3289 1046 3327 evocasse
1070 3268 1154 3326 adab

165 3351 359 3426 colloquium:
389 3360 609 3427 percunctatum
633 3291 745 3418 deinde,
767 3350 818 3422 qui
842 3348 978 3405 mortales
1001 3356 1105 3415 essent,

165 3430 250 3499 unde,
273 3438 324 3486 aut
343 3448 400 3504 quo
421 3449 491 3487 casu
513 3428 633 3506 profecti
653 3428 745 3497 domo,
767 3425 873 3502 quidve
894 3433 1057 3500 quaerentes
1075 3424 1105 3479 in

165 3526 268 3584 agrum
292 3507 505 3566 Laurentinum
529 3509 672 3578 exissent3
704 3513 852 3582 postquam
878 3501 1001 3558 audierit
1034 3501 1105 3556 mul-

164 3587 316 3645 titudinem
342 3586 484 3663 Trojanos
497 3607 569 3655 esse,
585 3585 690 3642 ducem
709 3581 952 3651 AEneam,fil1um
966 3578 1108 3637 Anchisae

166 3676 192 3722 et
205 3666 340 3735 Veneris,
356 3675 486 3723 cremata
506 3665 598 3742 patria
618 3674 646 3721 et
665 3662 748 3720 domo
763 3660 906 3737 profugos,
921 3658 1018 3716 sedem
1040 3677 1105 3716 oon·
1117 3659 1156 3715 80

166 3743 322 3821 dendaeque
337 3746 417 3802 urbis
430 3745 527 3801 locum
541 3760 681 3819 quaerere,
696 3750 725 3797 et
738 3739 915 3796 nobilitatem
933 3737 1107 3794 admiratum

164 3825 258 3900 gentis
272 3824 393 3899 virique,
408 3832 437 3880 et
452 3823 581 3879 animum
597 3819 642 3876 vel
657 3818 733 3875 bello
746 3817 793 3874 vel
806 3817 872 3892 paci
886 3823 1027 3891 paratum,
1038 3813 1106 3870 dex·
