2717 4292
213 288 272 350 103
632 293 692 334 rrrr
713 291 787 333 mvn

262 429 305 490 lie
317 424 445 506 peditum
459 426 658 504 equitumque,
670 423 732 501 jam
748 422 857 500 justam
872 420 1042 498 expleverat
1055 423 1159 496 aciem,
1174 441 1215 486 ao

261 509 327 568 totis
349 507 494 582 utrimque
518 505 630 562 viribus
653 509 801 561 certatur.'
838 501 937 558 Prima
964 501 1038 560 levis
1062 514 1215 562 armatura

263 587 470 655 Romanorum,
489 591 724 661 praeoccupatum
745 579 880 638 inferiore
901 580 965 638 loco
987 581 1149 640 succedens
1167 593 1213 641 tu·

263 666 387 735 mulum,
402 666 487 742 pulsa
501 662 676 737 detrusaque
691 670 829 718 terrorem
844 661 875 716 in
889 659 1094 718 succedentem
1114 663 1215 720 intulit

234 746 390 821 bequitenr
414 755 443 801 et
467 743 504 800 ad
528 743 612 818 signa
636 741 784 817 legionum
813 737 930 815 refugit.
972 738 1105 797 Peditum
1133 742 1214 798 acies

263 825 339 881 inter
359 823 508 900 perculsos
528 820 674 896 impavida
695 818 841 886 soluerat,
857 816 1074 894 videbaturque,
1091 820 1115 876 si
1133 820 1214 895 justa

264 922 301 960 ao
314 903 339 960 si
354 913 434 960 recta
452 918 551 978 pugna
564 908 648 968 esset,
663 896 890 973 haudquaquam
903 898 998 972 impar
1012 896 1128 955 futura:
1150 909 1213 955 tan-

264 991 328 1040 tunr
339 981 502 1038 animorum
514 977 622 1036 fecerat
636 994 772 1053 prospere
787 984 852 1032 ante
868 994 975 1052 paucos
986 975 1047 1034 dies
1058 995 1105 1034 res
1119 988 1211 1053 gesta.

264 1060 322 1117 Sed
344 1060 435 1117 exorti
459 1066 575 1134 repento
594 1056 775 1113 insidiatores
794 1073 862 1111 eum
883 1054 1039 1113 tumultum
1060 1066 1214 1112 terrorem·

218 1143 254 1198 10
264 1159 331 1215 que,
346 1140 376 1195 in
392 1138 483 1196 latera
499 1137 643 1211 utrimque
658 1135 695 1192 ab
709 1145 848 1211 tergoque
863 1134 1054 1204 incursantes,
1071 1132 1213 1206 fecerunt,

265 1227 298 1275 ut
317 1236 412 1294 neque
434 1217 548 1274 animus
570 1215 605 1273 ad
627 1232 765 1291 pugnam,
780 1231 875 1288 neque
896 1212 932 1270 ad
952 1211 1052 1291 fugam
1070 1233 1137 1290 spes
1151 1215 1213 1271 cui·

264 1315 354 1373 quam
374 1304 547 1372 superesset.
598 1291 709 1352 XXIX.
731 1291 811 1350 Tum
832 1291 950 1362 Fabius,
972 1294 1064 1370 primo
1084 1292 1215 1351 clamore

264 1376 433 1452 parentium
461 1374 567 1443 audito,
590 1373 658 1431 dein
686 1380 841 1448 conspecta
868 1371 969 1446 procul
993 1372 1110 1429 turbata
1138 1373 1214 1442 acie,

267 1455 336 1512 “ita
348 1453 423 1523 est,''
438 1453 542 1529 inquit,
557 1458 576 1487 “
584 1471 641 1509 non
662 1450 788 1509 celerius
808 1469 896 1526 quam
917 1451 1010 1520 timui,
1025 1449 1216 1528 deprehendit

219 1538 256 1593 15
267 1531 383 1592 fortuna
401 1533 609 1592 temeritatem:
631 1528 724 1587 Fabio
737 1539 868 1606 aequatus
881 1529 1002 1606 imperio
1015 1527 1216 1588 Hannibalem

266 1622 295 1670 et
305 1614 412 1670 virtute
426 1621 455 1670 et
469 1611 584 1669 fortuna
597 1610 775 1686 superiorem
789 1607 876 1666 videt.
915 1607 973 1666 Sed
984 1607 1063 1666 aliud
1074 1609 1216 1686 jurgandi

266 1690 516 1766 succensendique
539 1697 654 1764 tempus
681 1689 754 1745 erit:
784 1705 864 1744 nunc
888 1687 972 1765 signa
994 1697 1077 1745 extra
1101 1689 1215 1746 vallum

266 1769 405 1846 pmferte:
425 1769 575 1826 victoriam
586 1767 659 1824 hosti
670 1775 903 1844 extorqueamus,
915 1765 1123 1825 confessionem
1137 1786 1214 1826 erro-

267 1849 306 1906 ris
326 1846 473 1906 civibus.''
514 1845 580 1903 Jam
601 1864 708 1922 magna
729 1856 865 1922 exparte
885 1847 968 1904 caesis
990 1847 1063 1916 aliis,
1080 1847 1145 1904 aliis
1159 1849 1215 1905 cir-

217 1926 532 2004 200umspectautibus
553 1924 663 2003 fugam,
681 1923 812 1982 Fabiana
832 1945 864 1983 se
890 1926 968 1984 acies
989 1935 1117 2002 repente,
1133 1927 1216 1985 velut

267 2007 340 2065 caelo
353 2007 479 2076 dimissa,
495 2005 531 2064 ad
546 2005 689 2062 auxilium
710 2004 849 2062 ostendit:
870 2006 977 2080 itaque,
992 2006 1162 2082 priusquam
1178 2005 1215 2063 ad

267 2087 431 2162 conjectum
447 2086 498 2144 teli
521 2084 633 2142 veniret
657 2088 849 2142 aut'manum
868 2094 1040 2154 consereret,
1056 2094 1084 2142 et
1107 2105 1175 2143 suos
1198 2104 1217 2144 a

267 2164 348 2242 fuga·
363 2164 455 2222 effusa
479 2174 508 2222 et
531 2165 568 2221 ab
590 2164 677 2221 nimis
702 2161 791 2222 feroci
816 2182 914 2241 pugna
938 2163 1033 2221 hostes
1060 2165 1214 2222 continuit.

267 2243 329 2309 Qui
349 2243 449 2301 solutis
462 2243 611 2300 ordinibus
625 2261 700 2320 vage
720 2242 849 2319 dissipati
864 2252 954 2312 erant,
971 2243 1098 2319 undique
1113 2243 1215 2301 confu-

217 2328 257 2382 25
267 2331 374 2399 gerunt
392 2322 428 2380 ad
449 2323 593 2399 integram
607 2323 718 2379 aciem:
740 2323 791 2398 qui
811 2322 910 2398 plures
924 2322 1011 2380 simul
1032 2332 1116 2399 terga
1129 2322 1215 2380 dede-

268 2409 342 2470 rant,
356 2401 489 2459 conversi
503 2401 534 2458 iu
548 2401 658 2457 hostem
672 2400 877 2477 volventesque
891 2401 999 2471 orbem,
1014 2420 1093 2460 nunc
1107 2404 1216 2461 sensim

268 2479 377 2538 referre
392 2480 503 2559 pedem,
512 2499 592 2537 nuno
606 2480 769 2557 conglobati
784 2491 911 2538 restare:
933 2500 968 2538 ac
980 2481 1041 2556 jam
1053 2499 1141 2558 prope
1156 2501 1216 2539 una

268 2561 347 2619 acies
362 2559 440 2618 facta
452 2570 515 2619 erat
528 2559 598 2617 victi
609 2569 695 2636 atque
709 2561 815 2637 integri
826 2560 980 2630 exercitus,
992 2559 1216 2638 inferebantque

268 2640 352 2718 signa
371 2641 402 2697 in
424 2640 543 2710 hostem,
558 2657 628 2697 cum
650 2639 759 2696 Poenus
781 2641 911 2716 receptui
932 2640 1047 2708 cecinit,
1063 2640 1161 2715 palam
1176 2637 1216 2698 fe·

220 2725 259 2780 ³0
269 2730 350 2777 rente
366 2719 541 2790 Hannibale,
556 2719 593 2776 ab
607 2739 639 2776 se
654 2717 827 2789 Minucium,
842 2738 873 2776 se
889 2718 924 2776 ab
939 2717 1029 2776 Fabio
1043 2719 1165 2776 victum.

308 2797 353 2856 Ita
366 2816 419 2874 per
431 2799 544 2856 variam
563 2798 709 2855 fortunam
722 2797 780 2854 diei
800 2798 909 2873 majore
924 2807 1004 2874 parte
1018 2807 1131 2867 exacta,
1147 2817 1216 2856 eum

269 2877 300 2933 in
321 2886 417 2935 castra
440 2876 565 2934 reditum
589 2885 673 2945 esset,
695 2875 852 2946 Minucius,
875 2877 1040 2934 convocatis
1064 2877 1216 2947 militibus,

271 2961 374 3030 “saepe
395 2953 482 3031 ego,''
505 2956 600 3030 inquit
626 2962 645 2990 “
654 2955 761 3025 audivi,
784 2956 899 3025 milites,
914 2975 982 3013 eum
1003 2957 1131 3032 primurn
1151 2977 1216 3015 esse

270 3033 375 3102 virum,
390 3034 441 3108 qui
455 3034 516 3110 ipse
530 3034 672 3103 consulat,
687 3033 758 3111 quid
777 3035 808 3092 in
823 3054 884 3093 rem
898 3035 942 3104 sit,
959 3036 1121 3093 secundum
1136 3055 1215 3107 eum,

221 3112 320 3187 35qui
344 3112 417 3170 bena
440 3113 566 3170 monenti
587 3113 718 3172 obediat:
746 3115 797 3190 qui
818 3133 874 3172 nec
896 3115 957 3191 ipse
982 3114 1135 3173 consulere
1161 3134 1216 3173 nec

270 3191 354 3249 alteri
368 3210 470 3270 parere
485 3193 567 3262 sciat,
579 3211 647 3250 eum
661 3194 783 3251 extremi
797 3194 907 3271 ingenii
924 3213 997 3251 esse.
1039 3193 1133 3251 Nobis
1146 3213 1216 3270 quo-

269 3272 348 3330 niam
370 3273 463 3350 prima
484 3272 574 3329 animi
594 3273 762 3350 ingeniique
782 3282 889 3351 negata
908 3291 968 3330 sors
989 3281 1041 3342 est,
1056 3273 1218 3330 secundam

271 3370 307 3409 ac
328 3352 452 3410 mediam
472 3361 633 3422 teneamus,
648 3359 685 3423 et,
701 3353 771 3409 dum
791 3352 933 3429 imperare
948 3351 1096 3422 discimus,
1113 3371 1217 3428 parere

270 3430 404 3506 prudenti
418 3431 448 3488 in
463 3432 592 3489 animum
606 3431 790 3489 inducamus.
831 3431 935 3489 Castra
955 3450 1024 3489 cum
1038 3429 1132 3489 Fabio
1149 3432 1217 3508 jun·

221 3514 260 3568 40
270 3529 391 3586 gamus:
413 3510 449 3568 ad
470 3511 634 3587 praetorium
648 3511 713 3586 ejus
726 3512 811 3587 signa
830 3530 899 3568 cum
919 3509 1081 3580 tulerimus,
1097 3511 1148 3568 ubi
1164 3530 1218 3587 ego

270 3608 339 3646 eum
360 3599 471 3665 patrem
492 3590 684 3666 appellavero,
700 3589 776 3666 quod
796 3589 936 3648 beneficio
949 3589 1014 3665 ejus
1028 3607 1100 3666 erga
1114 3608 1168 3647 nos
1183 3609 1218 3646 aa

270 3667 419 3742 majestate
442 3669 506 3744 ejus
527 3668 647 3746 dignum
670 3679 722 3738 est,
737 3686 797 3738 vos,
812 3668 928 3738 milites,
944 3688 1001 3739 eos,
1019 3686 1145 3744 quorum
1167 3687 1218 3726 vos

270 3746 354 3802 modo
374 3764 456 3804 arma
476 3747 658 3822 dextereque
678 3755 821 3817 texerunt,
843 3756 977 3824 patronos
997 3748 1172 3818 salutabitis,
1187 3755 1217 3805 et

268 3823 336 3879 -si
348 3823 421 3880 nihil
442 3822 710 3900 aliud-gratorum
724 3835 805 3910 certe
816 3826 899 3885 nobis
913 3827 1076 3886 animorum
1090 3826 1217 3906 gloriam
