<?xml version="1.0" encoding="UTF-8"?>
<!DOCTYPE html PUBLIC "-//W3C//DTD XHTML 1.0 Transitional//EN"
    "http://www.w3.org/TR/xhtml1/DTD/xhtml1-transitional.dtd">
<html xmlns="http://www.w3.org/1999/xhtml" xml:lang="en" lang="en">
 <head>
  <title>
</title>
<meta http-equiv="Content-Type" content="text/html;charset=utf-8" />
  <meta name='ocr-system' content='tesseract 3.04.00' />
  <meta name='ocr-capabilities' content='ocr_page ocr_carea ocr_par ocr_line ocrx_word'/>
</head>
<body>
  <div class='ocr_page' id='page_1' title='image "./selectionsfromf01alscgoog_0054.png"; bbox 0 0 2717 4292; ppageno 0'>
   <div class='ocr_carea' id='block_1_1' title="bbox 178 262 756 324">
    <p class='ocr_par' dir='ltr' id='par_1_1' title="bbox 178 262 756 324">
     <span class='ocr_line' id='line_1_1' title="bbox 178 262 756 324; baseline -0.002 -13"><span class='ocrx_word' id='word_1_1' title='bbox 178 262 217 324; x_wconf 81' lang='lat'><strong>38</strong></span> <span class='ocrx_word' id='word_1_2' title='bbox 600 269 658 311; x_wconf 86' lang='lat' dir='ltr'><strong>rrrr</strong></span> <span class='ocrx_word' id='word_1_3' title='bbox 681 267 756 310; x_wconf 81' lang='lat' dir='ltr'><strong>uvrr</strong></span> 
     </span>
    </p>
   </div>
   <div class='ocr_carea' id='block_1_2' title="bbox 155 398 1221 1191">
    <p class='ocr_par' dir='ltr' id='par_1_2' title="bbox 225 398 1179 558">
     <span class='ocr_line' id='line_1_2' title="bbox 225 398 1179 478; baseline -0.001 -16"><span class='ocrx_word' id='word_1_4' title='bbox 225 403 314 462; x_wconf 86' lang='lat' dir='ltr'><strong>etiam</strong></span> <span class='ocrx_word' id='word_1_5' title='bbox 327 401 385 460; x_wconf 89' lang='lat' dir='ltr'><strong>loor</strong></span> <span class='ocrx_word' id='word_1_6' title='bbox 398 399 548 477; x_wconf 87' lang='lat' dir='ltr'><strong>majestate</strong></span> <span class='ocrx_word' id='word_1_7' title='bbox 562 409 654 458; x_wconf 89' lang='lat' dir='ltr'><strong>esset:</strong></span> <span class='ocrx_word' id='word_1_8' title='bbox 676 399 823 478; x_wconf 85' lang='lat' dir='ltr'><strong>captivam</strong></span> <span class='ocrx_word' id='word_1_9' title='bbox 837 399 995 476; x_wconf 88' lang='lat' dir='ltr'><strong>pecuniam</strong></span> <span class='ocrx_word' id='word_1_10' title='bbox 1008 399 1040 459; x_wconf 92' lang='lat' dir='ltr'><strong>in</strong></span> <span class='ocrx_word' id='word_1_11' title='bbox 1050 398 1179 461; x_wconf 72' lang='lat' dir='ltr'><strong>edifica</strong></span> 
     </span>
     <span class='ocr_line' id='line_1_3' title="bbox 225 480 748 558; baseline -0.011 -16"><span class='ocrx_word' id='word_1_12' title='bbox 225 483 332 542; x_wconf 90' lang='lat' dir='ltr'><strong>tionem</strong></span> <span class='ocrx_word' id='word_1_13' title='bbox 347 481 411 557; x_wconf 91' lang='lat' dir='ltr'><strong>ejus</strong></span> <span class='ocrx_word' id='word_1_14' title='bbox 424 481 524 558; x_wconf 90' lang='lat' dir='ltr'><strong>templi</strong></span> <span class='ocrx_word' id='word_1_15' title='bbox 535 480 671 556; x_wconf 86' lang='lat' dir='ltr'><strong>seposuit.</strong></span> <span class='ocrx_word' id='word_1_16' title='bbox 689 521 697 536; x_wconf 89' lang='lat'><strong>.</strong></span> <span class='ocrx_word' id='word_1_17' title='bbox 715 522 723 537; x_wconf 89' lang='lat'><strong>.</strong></span> <span class='ocrx_word' id='word_1_18' title='bbox 741 522 748 536; x_wconf 92' lang='lat'><strong>.</strong></span> 
     </span>
    </p>

    <p class='ocr_par' dir='ltr' id='par_1_3' title="bbox 155 557 1181 796">
     <span class='ocr_line' id='line_1_4' title="bbox 267 557 1179 637; baseline -0.002 -18"><span class='ocrx_word' id='word_1_19' title='bbox 267 560 349 619; x_wconf 92' lang='lat' dir='ltr'>LVI.</span> <span class='ocrx_word' id='word_1_20' title='bbox 371 559 502 618; x_wconf 84' lang='lat' dir='ltr'>Intentus</span> <span class='ocrx_word' id='word_1_21' title='bbox 530 558 706 637; x_wconf 90' lang='lat' dir='ltr'><strong>perficiendo</strong></span> <span class='ocrx_word' id='word_1_22' title='bbox 729 558 846 634; x_wconf 90' lang='lat' dir='ltr'><strong>templo,</strong></span> <span class='ocrx_word' id='word_1_23' title='bbox 870 557 961 618; x_wconf 83' lang='lat' dir='ltr'><strong>fabris</strong></span> <span class='ocrx_word' id='word_1_24' title='bbox 985 559 1115 636; x_wconf 91' lang='lat' dir='ltr'><strong>undique</strong></span> <span class='ocrx_word' id='word_1_25' title='bbox 1139 577 1179 617; x_wconf 87' lang='lat' dir='ltr'><strong>ex</strong></span> 
     </span>
     <span class='ocr_line' id='line_1_5' title="bbox 227 636 1179 716; baseline -0.002 -18"><span class='ocrx_word' id='word_1_26' title='bbox 227 640 349 698; x_wconf 87' lang='lat' dir='ltr'><strong>Etruria</strong></span> <span class='ocrx_word' id='word_1_27' title='bbox 363 640 473 710; x_wconf 88' lang='lat' dir='ltr'><strong>accitis,</strong></span> <span class='ocrx_word' id='word_1_28' title='bbox 487 657 546 698; x_wconf 93' lang='lat' dir='ltr'><strong>non</strong></span> <span class='ocrx_word' id='word_1_29' title='bbox 559 639 685 716; x_wconf 91' lang='lat' dir='ltr'><strong>pecnnia</strong></span> <span class='ocrx_word' id='word_1_30' title='bbox 700 636 796 695; x_wconf 89' lang='lat' dir='ltr'><strong>solum</strong></span> <span class='ocrx_word' id='word_1_31' title='bbox 810 638 846 695; x_wconf 93' lang='lat' dir='ltr'><strong>ad</strong></span> <span class='ocrx_word' id='word_1_32' title='bbox 860 639 890 695; x_wconf 92' lang='lat' dir='ltr'><strong>id</strong></span> <span class='ocrx_word' id='word_1_33' title='bbox 904 639 1023 716; x_wconf 92' lang='lat' dir='ltr'><strong>publica</strong></span> <span class='ocrx_word' id='word_1_34' title='bbox 1037 649 1179 709; x_wconf 82' lang='lat' dir='ltr'><strong>estuans,</strong></span> 
     </span>
     <span class='ocr_line' id='line_1_6' title="bbox 155 717 1181 796; baseline -0.001 -20"><span class='ocrx_word' id='word_1_35' title='bbox 155 720 158 726; x_wconf 87' lang='grc'><strong>’</strong></span> <span class='ocrx_word' id='word_1_36' title='bbox 199 719 278 777; x_wconf 78' lang='lat' dir='ltr'><strong>baed</strong></span> <span class='ocrx_word' id='word_1_37' title='bbox 292 720 386 795; x_wconf 89' lang='lat' dir='ltr'><strong>operis</strong></span> <span class='ocrx_word' id='word_1_38' title='bbox 400 719 487 776; x_wconf 90' lang='lat' dir='ltr'><strong>etiam</strong></span> <span class='ocrx_word' id='word_1_39' title='bbox 508 717 653 795; x_wconf 84' lang='lat' dir='ltr'><strong>explebe.</strong></span> <span class='ocrx_word' id='word_1_40' title='bbox 695 717 757 783; x_wconf 84' lang='lat' dir='ltr'><strong>Qui</strong></span> <span class='ocrx_word' id='word_1_41' title='bbox 771 736 839 775; x_wconf 91' lang='lat' dir='ltr'><strong>cum</strong></span> <span class='ocrx_word' id='word_1_42' title='bbox 853 717 932 775; x_wconf 90' lang='lat' dir='ltr'><strong>haud</strong></span> <span class='ocrx_word' id='word_1_43' title='bbox 949 737 1059 796; x_wconf 85' lang='lat' dir='ltr'><strong>parvus</strong></span> <span class='ocrx_word' id='word_1_44' title='bbox 1072 727 1102 775; x_wconf 89' lang='lat' dir='ltr'><strong>ct</strong></span> <span class='ocrx_word' id='word_1_45' title='bbox 1115 719 1181 794; x_wconf 89' lang='lat' dir='ltr'><strong>ipse</strong></span> 
     </span>
    </p>

    <p class='ocr_par' dir='ltr' id='par_1_4' title="bbox 228 797 1182 874">
     <span class='ocr_line' id='line_1_7' title="bbox 228 797 1182 874; baseline -0.002 -17"><span class='ocrx_word' id='word_1_46' title='bbox 228 798 339 857; x_wconf 81' lang='lat' dir='ltr'><strong>militiae</strong></span> <span class='ocrx_word' id='word_1_47' title='bbox 353 797 507 856; x_wconf 84' lang='lat' dir='ltr'><strong>adderetur</strong></span> <span class='ocrx_word' id='word_1_48' title='bbox 520 797 609 868; x_wconf 89' lang='lat' dir='ltr'><strong>labor,</strong></span> <span class='ocrx_word' id='word_1_49' title='bbox 625 797 723 854; x_wconf 89' lang='lat' dir='ltr'><strong>minus</strong></span> <span class='ocrx_word' id='word_1_50' title='bbox 736 805 833 854; x_wconf 90' lang='lat' dir='ltr'><strong>tamen</strong></span> <span class='ocrx_word' id='word_1_51' title='bbox 847 797 930 874; x_wconf 82' lang='lat' dir='ltr'><strong>plebs</strong></span> <span class='ocrx_word' id='word_1_52' title='bbox 943 798 1132 874; x_wconf 89' lang='lat' dir='ltr'><strong>gravabatur,</strong></span> <span class='ocrx_word' id='word_1_53' title='bbox 1146 816 1182 855; x_wconf 86' lang='lat' dir='ltr'><strong>se</strong></span> 
     </span>
    </p>

    <p class='ocr_par' dir='ltr' id='par_1_5' title="bbox 183 875 1221 1191">
     <span class='ocr_line' id='line_1_8' title="bbox 227 875 1182 956; baseline -0.002 -20"><span class='ocrx_word' id='word_1_54' title='bbox 227 876 336 956; x_wconf 88' lang='lat' dir='ltr'><strong>templa</strong></span> <span class='ocrx_word' id='word_1_55' title='bbox 349 877 437 942; x_wconf 83' lang='lat' dir='ltr'><strong>deum</strong></span> <span class='ocrx_word' id='word_1_56' title='bbox 450 876 632 935; x_wconf 73' lang='lat' dir='ltr'><strong>exaedificare</strong></span> <span class='ocrx_word' id='word_1_57' title='bbox 647 875 782 933; x_wconf 91' lang='lat' dir='ltr'><strong>manibus</strong></span> <span class='ocrx_word' id='word_1_58' title='bbox 795 876 866 946; x_wconf 89' lang='lat' dir='ltr'><strong>suis,</strong></span> <span class='ocrx_word' id='word_1_59' title='bbox 877 895 967 952; x_wconf 90' lang='lat' dir='ltr'><strong>quam</strong></span> <span class='ocrx_word' id='word_1_60' title='bbox 979 886 1136 953; x_wconf 81' lang='lat' dir='ltr'><strong>postquam</strong></span> <span class='ocrx_word' id='word_1_61' title='bbox 1150 885 1182 934; x_wconf 89' lang='lat' dir='ltr'><strong>et</strong></span> 
     </span>
     <span class='ocr_line' id='line_1_9' title="bbox 229 954 1180 1033; baseline -0.003 -18"><span class='ocrx_word' id='word_1_62' title='bbox 229 957 266 1015; x_wconf 87' lang='lat' dir='ltr'><strong>ad</strong></span> <span class='ocrx_word' id='word_1_63' title='bbox 287 955 353 1026; x_wconf 89' lang='lat' dir='ltr'><strong>alia,</strong></span> <span class='ocrx_word' id='word_1_64' title='bbox 376 965 408 1015; x_wconf 91' lang='lat' dir='ltr'><strong>ut</strong></span> <span class='ocrx_word' id='word_1_65' title='bbox 426 957 522 1033; x_wconf 88' lang='lat' dir='ltr'><strong>specie</strong></span> <span class='ocrx_word' id='word_1_66' title='bbox 543 956 664 1025; x_wconf 86' lang='lat' dir='ltr'><strong>minora,</strong></span> <span class='ocrx_word' id='word_1_67' title='bbox 679 957 723 1012; x_wconf 89' lang='lat' dir='ltr'><strong>sic</strong></span> <span class='ocrx_word' id='word_1_68' title='bbox 743 954 852 1013; x_wconf 87' lang='lat' dir='ltr'><strong>laboris</strong></span> <span class='ocrx_word' id='word_1_69' title='bbox 876 956 1025 1031; x_wconf 87' lang='lat' dir='ltr'><strong>aliquanto</strong></span> <span class='ocrx_word' id='word_1_70' title='bbox 1050 955 1180 1032; x_wconf 88' lang='lat' dir='ltr'><strong>majoris,</strong></span> 
     </span>
     <span class='ocr_line' id='line_1_10' title="bbox 228 1032 1182 1112; baseline -0.003 -17"><span class='ocrx_word' id='word_1_71' title='bbox 228 1035 456 1096; x_wconf 82' lang='lat' dir='ltr'><strong>traducebantur</strong></span> <span class='ocrx_word' id='word_1_72' title='bbox 468 1053 565 1112; x_wconf 89' lang='lat' dir='ltr'><strong>opera,</strong></span> <span class='ocrx_word' id='word_1_73' title='bbox 578 1033 652 1094; x_wconf 86' lang='lat' dir='ltr'><strong>soros</strong></span> <span class='ocrx_word' id='word_1_74' title='bbox 671 1035 703 1091; x_wconf 91' lang='lat' dir='ltr'><strong>in</strong></span> <span class='ocrx_word' id='word_1_75' title='bbox 723 1036 802 1092; x_wconf 92' lang='lat' dir='ltr'><strong>circo</strong></span> <span class='ocrx_word' id='word_1_76' title='bbox 816 1032 973 1105; x_wconf 86' lang='lat' dir='ltr'><strong>faciendos,</strong></span> <span class='ocrx_word' id='word_1_77' title='bbox 988 1034 1182 1111; x_wconf 73' lang='lat' dir='ltr'><strong>cloacamque</strong></span> 
     </span>
     <span class='ocr_line' id='line_1_11' title="bbox 183 1114 1221 1191; baseline -0.002 -18"><span class='ocrx_word' id='word_1_78' title='bbox 183 1115 221 1173; x_wconf 83' lang='lat'><strong>1⁰</strong></span> <span class='ocrx_word' id='word_1_79' title='bbox 230 1116 396 1184; x_wconf 86' lang='lat' dir='ltr'><strong>maximam,</strong></span> <span class='ocrx_word' id='word_1_80' title='bbox 418 1114 636 1191; x_wconf 87' lang='lat' dir='ltr'><strong>receptaculum</strong></span> <span class='ocrx_word' id='word_1_81' title='bbox 656 1114 787 1172; x_wconf 90' lang='lat' dir='ltr'><strong>omnium</strong></span> <span class='ocrx_word' id='word_1_82' title='bbox 807 1124 1066 1191; x_wconf 85' lang='lat' dir='ltr'><strong>purgamentorum</strong></span> <span class='ocrx_word' id='word_1_83' title='bbox 1087 1114 1181 1184; x_wconf 87' lang='lat' dir='ltr'><strong>urbis,</strong></span> <span class='ocrx_word' id='word_1_84' title='bbox 1219 1130 1221 1133; x_wconf 81' lang='grc'><strong>’</strong></span> 
     </span>
    </p>
   </div>
   <div class='ocr_carea' id='block_1_3' title="bbox 160 1192 1293 1270">
    <p class='ocr_par' dir='ltr' id='par_1_6' title="bbox 160 1192 1293 1270">
     <span class='ocr_line' id='line_1_12' title="bbox 160 1192 1293 1270; baseline 0.002 -22"><span class='ocrx_word' id='word_1_85' title='bbox 160 1245 161 1248; x_wconf 74' lang='grc'>,</span> <span class='ocrx_word' id='word_1_86' title='bbox 230 1196 284 1252; x_wconf 89' lang='lat' dir='ltr'><strong>sub</strong></span> <span class='ocrx_word' id='word_1_87' title='bbox 305 1203 415 1251; x_wconf 89' lang='lat' dir='ltr'><strong>terram</strong></span> <span class='ocrx_word' id='word_1_88' title='bbox 436 1192 595 1270; x_wconf 80' lang='lat' dir='ltr'><strong>agendam:</strong></span> <span class='ocrx_word' id='word_1_89' title='bbox 616 1193 724 1270; x_wconf 91' lang='lat' dir='ltr'><strong>quibus</strong></span> <span class='ocrx_word' id='word_1_90' title='bbox 743 1192 856 1251; x_wconf 89' lang='lat' dir='ltr'><strong>duobus</strong></span> <span class='ocrx_word' id='word_1_91' title='bbox 876 1194 1013 1269; x_wconf 89' lang='lat' dir='ltr'><strong>operibns</strong></span> <span class='ocrx_word' id='word_1_92' title='bbox 1033 1194 1084 1250; x_wconf 85' lang='lat' dir='ltr'><strong>vix</strong></span> <span class='ocrx_word' id='word_1_93' title='bbox 1104 1212 1183 1250; x_wconf 88' lang='lat' dir='ltr'><strong>nova</strong></span> <span class='ocrx_word' id='word_1_94' title='bbox 1290 1212 1293 1215; x_wconf 90' lang='lat'>·</span> 
     </span>
    </p>
   </div>
   <div class='ocr_carea' id='block_1_4' title="bbox 139 1271 1246 3403">
    <p class='ocr_par' dir='ltr' id='par_1_7' title="bbox 139 1271 1246 3403">
     <span class='ocr_line' id='line_1_13' title="bbox 230 1271 1182 1350; baseline -0.004 -18"><span class='ocrx_word' id='word_1_95' title='bbox 230 1274 293 1332; x_wconf 90' lang='lat' dir='ltr'><strong>haeo</strong></span> <span class='ocrx_word' id='word_1_96' title='bbox 304 1272 520 1350; x_wconf 86' lang='lat' dir='ltr'><strong>magnificentia</strong></span> <span class='ocrx_word' id='word_1_97' title='bbox 530 1272 689 1349; x_wconf 91' lang='lat' dir='ltr'><strong>quidquam</strong></span> <span class='ocrx_word' id='word_1_98' title='bbox 700 1271 854 1347; x_wconf 68' lang='lat' dir='ltr'><strong>adaequare</strong></span> <span class='ocrx_word' id='word_1_99' title='bbox 865 1273 966 1348; x_wconf 89' lang='lat' dir='ltr'><strong>potuit.</strong></span> <span class='ocrx_word' id='word_1_100' title='bbox 1008 1272 1066 1330; x_wconf 93' lang='lat' dir='ltr'><strong>His</strong></span> <span class='ocrx_word' id='word_1_101' title='bbox 1075 1272 1182 1331; x_wconf 91' lang='lat' dir='ltr'><strong>labori-</strong></span> 
     </span>
     <span class='ocr_line' id='line_1_14' title="bbox 230 1350 1183 1429; baseline -0.001 -19"><span class='ocrx_word' id='word_1_102' title='bbox 230 1353 285 1410; x_wconf 89' lang='lat' dir='ltr'><strong>bus</strong></span> <span class='ocrx_word' id='word_1_103' title='bbox 309 1352 438 1410; x_wconf 88' lang='lat' dir='ltr'><strong>exercita</strong></span> <span class='ocrx_word' id='word_1_104' title='bbox 459 1351 552 1429; x_wconf 89' lang='lat' dir='ltr'><strong>plebe,</strong></span> <span class='ocrx_word' id='word_1_105' title='bbox 567 1352 637 1427; x_wconf 92' lang='lat' dir='ltr'><strong>quia</strong></span> <span class='ocrx_word' id='word_1_106' title='bbox 659 1360 688 1409; x_wconf 89' lang='lat' dir='ltr'><strong>et</strong></span> <span class='ocrx_word' id='word_1_107' title='bbox 710 1351 775 1409; x_wconf 90' lang='lat' dir='ltr'><strong>urbi</strong></span> <span class='ocrx_word' id='word_1_108' title='bbox 796 1350 1020 1423; x_wconf 83' lang='lat' dir='ltr'><strong>multitudinem,</strong></span> <span class='ocrx_word' id='word_1_109' title='bbox 1035 1351 1086 1410; x_wconf 91' lang='lat' dir='ltr'><strong>ubi</strong></span> <span class='ocrx_word' id='word_1_110' title='bbox 1108 1370 1183 1409; x_wconf 92' lang='lat' dir='ltr'><strong>usus</strong></span> 
     </span>
     <span class='ocr_line' id='line_1_15' title="bbox 139 1430 1182 1507; baseline 0.001 -19"><span class='ocrx_word' id='word_1_111' title='bbox 139 1441 148 1451; x_wconf 81' lang='grc'><strong>“</strong></span> <span class='ocrx_word' id='word_1_112' title='bbox 230 1450 288 1490; x_wconf 92' lang='lat' dir='ltr'><strong>non</strong></span> <span class='ocrx_word' id='word_1_113' title='bbox 302 1440 386 1501; x_wconf 85' lang='lat' dir='ltr'><strong>esset,</strong></span> <span class='ocrx_word' id='word_1_114' title='bbox 400 1431 481 1488; x_wconf 89' lang='lat' dir='ltr'><strong>oneri</strong></span> <span class='ocrx_word' id='word_1_115' title='bbox 496 1431 614 1488; x_wconf 89' lang='lat' dir='ltr'><strong>rebatur</strong></span> <span class='ocrx_word' id='word_1_116' title='bbox 627 1450 701 1501; x_wconf 88' lang='lat' dir='ltr'><strong>esse,</strong></span> <span class='ocrx_word' id='word_1_117' title='bbox 716 1441 745 1488; x_wconf 93' lang='lat' dir='ltr'><strong>et</strong></span> <span class='ocrx_word' id='word_1_118' title='bbox 758 1430 868 1488; x_wconf 90' lang='lat' dir='ltr'><strong>colonis</strong></span> <span class='ocrx_word' id='word_1_119' title='bbox 881 1431 1028 1488; x_wconf 89' lang='lat' dir='ltr'><strong>mittendis</strong></span> <span class='ocrx_word' id='word_1_120' title='bbox 1041 1431 1182 1507; x_wconf 88' lang='lat' dir='ltr'><strong>occupari</strong></span> 
     </span>
     <span class='ocr_line' id='line_1_16' title="bbox 187 1509 1183 1588; baseline -0.001 -19"><span class='ocrx_word' id='word_1_121' title='bbox 187 1511 319 1570; x_wconf 69' lang='lat' dir='ltr'><strong>talarius</strong></span> <span class='ocrx_word' id='word_1_122' title='bbox 338 1511 451 1588; x_wconf 88' lang='lat' dir='ltr'><strong>imperii</strong></span> <span class='ocrx_word' id='word_1_123' title='bbox 472 1510 545 1568; x_wconf 88' lang='lat' dir='ltr'><strong>fines</strong></span> <span class='ocrx_word' id='word_1_124' title='bbox 565 1509 689 1580; x_wconf 89' lang='lat' dir='ltr'><strong>volebat,</strong></span> <span class='ocrx_word' id='word_1_125' title='bbox 704 1509 836 1586; x_wconf 81' lang='lat' dir='ltr'><strong>Signiam</strong></span> <span class='ocrx_word' id='word_1_126' title='bbox 856 1509 1045 1586; x_wconf 85' lang='lat' dir='ltr'><strong>Circeiosque</strong></span> <span class='ocrx_word' id='word_1_127' title='bbox 1064 1510 1183 1568; x_wconf 91' lang='lat' dir='ltr'><strong>colonos</strong></span> 
     </span>
     <span class='ocr_line' id='line_1_17' title="bbox 231 1587 1184 1666; baseline -0.002 -18"><span class='ocrx_word' id='word_1_128' title='bbox 231 1591 317 1661; x_wconf 88' lang='lat' dir='ltr'><strong>misit,</strong></span> <span class='ocrx_word' id='word_1_129' title='bbox 337 1589 471 1666; x_wconf 86' lang='lat' dir='ltr'><strong>praesidia</strong></span> <span class='ocrx_word' id='word_1_130' title='bbox 491 1589 557 1646; x_wconf 91' lang='lat' dir='ltr'><strong>urbi</strong></span> <span class='ocrx_word' id='word_1_131' title='bbox 579 1587 678 1646; x_wconf 81' lang='lat' dir='ltr'><strong>futura</strong></span> <span class='ocrx_word' id='word_1_132' title='bbox 698 1598 778 1647; x_wconf 91' lang='lat' dir='ltr'><strong>terra</strong></span> <span class='ocrx_word' id='word_1_133' title='bbox 799 1589 942 1665; x_wconf 85' lang='lat' dir='ltr'><strong>marique.</strong></span> <span class='ocrx_word' id='word_1_134' title='bbox 985 1589 1060 1648; x_wconf 84' lang='lat' dir='ltr'><strong>Haec</strong></span> <span class='ocrx_word' id='word_1_135' title='bbox 1083 1590 1184 1666; x_wconf 87' lang='lat' dir='ltr'><strong>agenti</strong></span> 
     </span>
     <span class='ocr_line' id='line_1_18' title="bbox 231 1668 1184 1746; baseline -0.001 -19"><span class='ocrx_word' id='word_1_136' title='bbox 231 1680 394 1746; x_wconf 91' lang='lat' dir='ltr'><strong>portentum</strong></span> <span class='ocrx_word' id='word_1_137' title='bbox 418 1669 546 1726; x_wconf 89' lang='lat' dir='ltr'><strong>terribile</strong></span> <span class='ocrx_word' id='word_1_138' title='bbox 568 1668 682 1724; x_wconf 76' lang='lat' dir='ltr'><strong>visumt</strong></span> <span class='ocrx_word' id='word_1_139' title='bbox 714 1668 827 1744; x_wconf 86' lang='lat' dir='ltr'><strong>anguis,</strong></span> <span class='ocrx_word' id='word_1_140' title='bbox 852 1687 889 1726; x_wconf 87' lang='lat' dir='ltr'><strong>ex</strong></span> <span class='ocrx_word' id='word_1_141' title='bbox 917 1668 1056 1727; x_wconf 92' lang='lat' dir='ltr'><strong>columna</strong></span> <span class='ocrx_word' id='word_1_142' title='bbox 1083 1668 1184 1746; x_wconf 89' lang='lat' dir='ltr'><strong>lignea</strong></span> 
     </span>
     <span class='ocr_line' id='line_1_19' title="bbox 232 1745 1184 1825; baseline 0.001 -20"><span class='ocrx_word' id='word_1_143' title='bbox 232 1750 358 1824; x_wconf 89' lang='lat' dir='ltr'><strong>elapsus,</strong></span> <span class='ocrx_word' id='word_1_144' title='bbox 373 1765 442 1804; x_wconf 91' lang='lat' dir='ltr'><strong>cum</strong></span> <span class='ocrx_word' id='word_1_145' title='bbox 455 1757 595 1805; x_wconf 90' lang='lat' dir='ltr'><strong>terrorem</strong></span> <span class='ocrx_word' id='word_1_146' title='bbox 610 1745 768 1824; x_wconf 82' lang='lat' dir='ltr'><strong>fugamque</strong></span> <span class='ocrx_word' id='word_1_147' title='bbox 782 1747 813 1803; x_wconf 94' lang='lat' dir='ltr'><strong>in</strong></span> <span class='ocrx_word' id='word_1_148' title='bbox 828 1748 939 1824; x_wconf 90' lang='lat' dir='ltr'><strong>regiam</strong></span> <span class='ocrx_word' id='word_1_149' title='bbox 953 1746 1078 1819; x_wconf 86' lang='lat' dir='ltr'><strong>fecisset,</strong></span> <span class='ocrx_word' id='word_1_150' title='bbox 1090 1749 1184 1825; x_wconf 85' lang='lat' dir='ltr'><strong>ipsius</strong></span> 
     </span>
     <span class='ocr_line' id='line_1_20' title="bbox 233 1825 1241 1905; baseline 0.002 -21"><span class='ocrx_word' id='word_1_151' title='bbox 233 1827 310 1905; x_wconf 87' lang='lat' dir='ltr'><strong>regis</strong></span> <span class='ocrx_word' id='word_1_152' title='bbox 324 1844 381 1884; x_wconf 92' lang='lat' dir='ltr'><strong>non</strong></span> <span class='ocrx_word' id='word_1_153' title='bbox 402 1835 461 1884; x_wconf 91' lang='lat' dir='ltr'><strong>tam</strong></span> <span class='ocrx_word' id='word_1_154' title='bbox 475 1825 569 1883; x_wconf 90' lang='lat' dir='ltr'><strong>subito</strong></span> <span class='ocrx_word' id='word_1_155' title='bbox 590 1844 697 1902; x_wconf 87' lang='lat' dir='ltr'><strong>pavore</strong></span> <span class='ocrx_word' id='word_1_156' title='bbox 718 1826 843 1902; x_wconf 90' lang='lat' dir='ltr'><strong>perculit</strong></span> <span class='ocrx_word' id='word_1_157' title='bbox 857 1837 968 1902; x_wconf 88' lang='lat' dir='ltr'><strong>pectus,</strong></span> <span class='ocrx_word' id='word_1_158' title='bbox 983 1847 1073 1903; x_wconf 90' lang='lat' dir='ltr'><strong>quam</strong></span> <span class='ocrx_word' id='word_1_159' title='bbox 1087 1829 1184 1886; x_wconf 83' lang='lat' dir='ltr'><strong>anxiis</strong></span> <span class='ocrx_word' id='word_1_160' title='bbox 1237 1829 1241 1833; x_wconf 80' lang='grc'><strong>’</strong></span> 
     </span>
     <span class='ocr_line' id='line_1_21' title="bbox 183 1903 1184 1988; baseline -0.002 -22"><span class='ocrx_word' id='word_1_161' title='bbox 183 1905 363 1982; x_wconf 74' lang='lat' dir='ltr'><strong>20implevit</strong></span> <span class='ocrx_word' id='word_1_162' title='bbox 383 1906 472 1963; x_wconf 89' lang='lat' dir='ltr'><strong>curis.</strong></span> <span class='ocrx_word' id='word_1_163' title='bbox 514 1903 616 1982; x_wconf 88' lang='lat' dir='ltr'><strong>ltaque</strong></span> <span class='ocrx_word' id='word_1_164' title='bbox 637 1924 706 1963; x_wconf 91' lang='lat' dir='ltr'><strong>cnm</strong></span> <span class='ocrx_word' id='word_1_165' title='bbox 727 1905 763 1963; x_wconf 94' lang='lat' dir='ltr'><strong>ad</strong></span> <span class='ocrx_word' id='word_1_166' title='bbox 778 1905 895 1982; x_wconf 90' lang='lat' dir='ltr'><strong>publica</strong></span> <span class='ocrx_word' id='word_1_167' title='bbox 909 1906 1040 1984; x_wconf 91' lang='lat' dir='ltr'><strong>prodigia</strong></span> <span class='ocrx_word' id='word_1_168' title='bbox 1060 1907 1184 1988; x_wconf 72' lang='lat' dir='ltr'><strong>Etrusci</strong></span> 
     </span>
     <span class='ocr_line' id='line_1_22' title="bbox 232 1984 1185 2055; baseline 0.001 -12"><span class='ocrx_word' id='word_1_169' title='bbox 232 1995 345 2043; x_wconf 87' lang='lat' dir='ltr'><strong>tantum</strong></span> <span class='ocrx_word' id='word_1_170' title='bbox 359 1994 439 2044; x_wconf 89' lang='lat' dir='ltr'><strong>vates</strong></span> <span class='ocrx_word' id='word_1_171' title='bbox 460 1984 673 2055; x_wconf 87' lang='lat' dir='ltr'><strong>adhiberentur,</strong></span> <span class='ocrx_word' id='word_1_172' title='bbox 689 1985 744 2042; x_wconf 92' lang='lat' dir='ltr'><strong>hoc</strong></span> <span class='ocrx_word' id='word_1_173' title='bbox 758 1985 839 2042; x_wconf 90' lang='lat' dir='ltr'><strong>velut</strong></span> <span class='ocrx_word' id='word_1_174' title='bbox 852 1984 1008 2043; x_wconf 90' lang='lat' dir='ltr'><strong>domestico</strong></span> <span class='ocrx_word' id='word_1_175' title='bbox 1027 1987 1185 2044; x_wconf 87' lang='lat' dir='ltr'><strong>exterritus</strong></span> 
     </span>
     <span class='ocr_line' id='line_1_23' title="bbox 232 2063 1184 2141; baseline 0.001 -19"><span class='ocrx_word' id='word_1_176' title='bbox 232 2065 307 2135; x_wconf 88' lang='lat' dir='ltr'><strong>visu,</strong></span> <span class='ocrx_word' id='word_1_177' title='bbox 331 2063 459 2141; x_wconf 94' lang='lat' dir='ltr'><strong>Delphos</strong></span> <span class='ocrx_word' id='word_1_178' title='bbox 487 2063 523 2121; x_wconf 93' lang='lat' dir='ltr'><strong>ad</strong></span> <span class='ocrx_word' id='word_1_179' title='bbox 548 2065 674 2122; x_wconf 83' lang='lat' dir='ltr'><strong>maxime</strong></span> <span class='ocrx_word' id='word_1_180' title='bbox 697 2065 842 2140; x_wconf 88' lang='lat' dir='ltr'><strong>inclytum</strong></span> <span class='ocrx_word' id='word_1_181' title='bbox 864 2065 895 2121; x_wconf 91' lang='lat' dir='ltr'><strong>in</strong></span> <span class='ocrx_word' id='word_1_182' title='bbox 918 2066 1004 2123; x_wconf 89' lang='lat' dir='ltr'><strong>terris</strong></span> <span class='ocrx_word' id='word_1_183' title='bbox 1027 2065 1184 2123; x_wconf 90' lang='lat' dir='ltr'><strong>oraculum</strong></span> 
     </span>
     <span class='ocr_line' id='line_1_24' title="bbox 233 2143 1184 2220; baseline 0.001 -18"><span class='ocrx_word' id='word_1_184' title='bbox 233 2145 346 2202; x_wconf 88' lang='lat' dir='ltr'><strong>mittere</strong></span> <span class='ocrx_word' id='word_1_185' title='bbox 360 2145 459 2203; x_wconf 89' lang='lat' dir='ltr'><strong>statuit</strong></span> <span class='ocrx_word' id='word_1_186' title='bbox 469 2143 485 2200; x_wconf 93' lang='lat'><strong>:&#39;</strong></span> <span class='ocrx_word' id='word_1_187' title='bbox 497 2162 592 2220; x_wconf 88' lang='lat' dir='ltr'><strong>neque</strong></span> <span class='ocrx_word' id='word_1_188' title='bbox 614 2163 751 2220; x_wconf 89' lang='lat' dir='ltr'><strong>responsa</strong></span> <span class='ocrx_word' id='word_1_189' title='bbox 771 2144 892 2202; x_wconf 89' lang='lat' dir='ltr'><strong>sortium</strong></span> <span class='ocrx_word' id='word_1_190' title='bbox 912 2145 968 2202; x_wconf 92' lang='lat' dir='ltr'><strong>ulli</strong></span> <span class='ocrx_word' id='word_1_191' title='bbox 988 2144 1039 2202; x_wconf 88' lang='lat' dir='ltr'><strong>alii</strong></span> <span class='ocrx_word' id='word_1_192' title='bbox 1053 2146 1184 2203; x_wconf 90' lang='lat' dir='ltr'><strong>commit-</strong></span> 
     </span>
     <span class='ocr_line' id='line_1_25' title="bbox 232 2223 1182 2300; baseline 0.002 -20"><span class='ocrx_word' id='word_1_193' title='bbox 232 2232 293 2280; x_wconf 91' lang='lat' dir='ltr'><strong>tere</strong></span> <span class='ocrx_word' id='word_1_194' title='bbox 316 2242 414 2292; x_wconf 91' lang='lat' dir='ltr'><strong>ausus,</strong></span> <span class='ocrx_word' id='word_1_195' title='bbox 434 2223 506 2280; x_wconf 90' lang='lat' dir='ltr'><strong>duos</strong></span> <span class='ocrx_word' id='word_1_196' title='bbox 525 2223 600 2280; x_wconf 86' lang='lat' dir='ltr'><strong>filios</strong></span> <span class='ocrx_word' id='word_1_197' title='bbox 622 2242 674 2300; x_wconf 91' lang='lat' dir='ltr'><strong>per</strong></span> <span class='ocrx_word' id='word_1_198' title='bbox 695 2224 808 2300; x_wconf 86' lang='lat' dir='ltr'><strong>ignotas</strong></span> <span class='ocrx_word' id='word_1_199' title='bbox 827 2243 864 2280; x_wconf 88' lang='lat' dir='ltr'><strong>ea</strong></span> <span class='ocrx_word' id='word_1_200' title='bbox 886 2233 1056 2300; x_wconf 89' lang='lat' dir='ltr'><strong>tempestate</strong></span> <span class='ocrx_word' id='word_1_201' title='bbox 1077 2232 1182 2295; x_wconf 86' lang='lat' dir='ltr'><strong>terras,</strong></span> 
     </span>
     <span class='ocr_line' id='line_1_26' title="bbox 183 2301 1183 2380; baseline -0.001 -18"><span class='ocrx_word' id='word_1_202' title='bbox 183 2306 223 2362; x_wconf 81' lang='lat'><strong>25</strong></span> <span class='ocrx_word' id='word_1_203' title='bbox 233 2303 374 2379; x_wconf 88' lang='lat' dir='ltr'><strong>ignotiora</strong></span> <span class='ocrx_word' id='word_1_204' title='bbox 388 2302 489 2372; x_wconf 88' lang='lat' dir='ltr'><strong>maria,</strong></span> <span class='ocrx_word' id='word_1_205' title='bbox 504 2301 534 2359; x_wconf 89' lang='lat' dir='ltr'><strong>in</strong></span> <span class='ocrx_word' id='word_1_206' title='bbox 550 2301 697 2360; x_wconf 74' lang='lat' dir='ltr'><strong>Graeciam</strong></span> <span class='ocrx_word' id='word_1_207' title='bbox 711 2303 798 2360; x_wconf 87' lang='lat' dir='ltr'><strong>misit.</strong></span> <span class='ocrx_word' id='word_1_208' title='bbox 841 2301 929 2360; x_wconf 92' lang='lat' dir='ltr'><strong>Titus</strong></span> <span class='ocrx_word' id='word_1_209' title='bbox 942 2313 972 2361; x_wconf 91' lang='lat' dir='ltr'><strong>et</strong></span> <span class='ocrx_word' id='word_1_210' title='bbox 986 2303 1104 2361; x_wconf 87' lang='lat' dir='ltr'><strong>Arruns</strong></span> <span class='ocrx_word' id='word_1_211' title='bbox 1119 2323 1183 2380; x_wconf 90' lang='lat' dir='ltr'><strong>pro-</strong></span> 
     </span>
     <span class='ocr_line' id='line_1_27' title="bbox 235 2373 1193 2459; baseline 0.002 -21"><span class='ocrx_word' id='word_1_212' title='bbox 235 2380 321 2439; x_wconf 86' lang='lat' dir='ltr'><strong>fecti:</strong></span> <span class='ocrx_word' id='word_1_213' title='bbox 356 2399 454 2439; x_wconf 90' lang='lat' dir='ltr'><strong>comes</strong></span> <span class='ocrx_word' id='word_1_214' title='bbox 481 2382 518 2438; x_wconf 89' lang='lat' dir='ltr'><strong>iis</strong></span> <span class='ocrx_word' id='word_1_215' title='bbox 545 2380 658 2438; x_wconf 92' lang='lat' dir='ltr'><strong>additus</strong></span> <span class='ocrx_word' id='word_1_216' title='bbox 682 2379 720 2438; x_wconf 88' lang='lat' dir='ltr'><strong>L.</strong></span> <span class='ocrx_word' id='word_1_217' title='bbox 745 2380 853 2438; x_wconf 89' lang='lat' dir='ltr'><strong>Junius</strong></span> <span class='ocrx_word' id='word_1_218' title='bbox 876 2381 996 2453; x_wconf 90' lang='lat' dir='ltr'><strong>Brutus,</strong></span> <span class='ocrx_word' id='word_1_219' title='bbox 1019 2373 1193 2459; x_wconf 66' lang='lat' dir='ltr'><strong>Tarquinia</strong></span> 
     </span>
     <span class='ocr_line' id='line_1_28' title="bbox 234 2459 1185 2538; baseline 0.002 -20"><span class='ocrx_word' id='word_1_220' title='bbox 234 2479 330 2518; x_wconf 90' lang='lat' dir='ltr'><strong>sorore</strong></span> <span class='ocrx_word' id='word_1_221' title='bbox 342 2461 420 2538; x_wconf 90' lang='lat' dir='ltr'><strong>regis</strong></span> <span class='ocrx_word' id='word_1_222' title='bbox 433 2470 528 2529; x_wconf 89' lang='lat' dir='ltr'><strong>natus,</strong></span> <span class='ocrx_word' id='word_1_223' title='bbox 541 2460 658 2536; x_wconf 87' lang='lat' dir='ltr'><strong>juvenis</strong></span> <span class='ocrx_word' id='word_1_224' title='bbox 669 2459 755 2538; x_wconf 90' lang='lat' dir='ltr'><strong>longe</strong></span> <span class='ocrx_word' id='word_1_225' title='bbox 769 2462 845 2518; x_wconf 91' lang='lat' dir='ltr'><strong>alius</strong></span> <span class='ocrx_word' id='word_1_226' title='bbox 854 2461 980 2538; x_wconf 88' lang='lat' dir='ltr'><strong>ingenio,</strong></span> <span class='ocrx_word' id='word_1_227' title='bbox 992 2480 1083 2538; x_wconf 90' lang='lat' dir='ltr'><strong>quam</strong></span> <span class='ocrx_word' id='word_1_228' title='bbox 1096 2463 1185 2538; x_wconf 87' lang='lat' dir='ltr'><strong>cnjus</strong></span> 
     </span>
     <span class='ocr_line' id='line_1_29' title="bbox 234 2538 1184 2618; baseline 0 -20"><span class='ocrx_word' id='word_1_229' title='bbox 234 2539 447 2598; x_wconf 87' lang='lat' dir='ltr'><strong>simulationem</strong></span> <span class='ocrx_word' id='word_1_230' title='bbox 461 2539 604 2597; x_wconf 86' lang='lat' dir='ltr'><strong>induerat.</strong></span> <span class='ocrx_word' id='word_1_231' title='bbox 634 2538 685 2609; x_wconf 54' lang='lat' dir='ltr'><strong>‘Is,</strong></span> <span class='ocrx_word' id='word_1_232' title='bbox 697 2559 766 2597; x_wconf 92' lang='lat' dir='ltr'><strong>curn</strong></span> <span class='ocrx_word' id='word_1_233' title='bbox 780 2541 919 2616; x_wconf 88' lang='lat' dir='ltr'><strong>primores</strong></span> <span class='ocrx_word' id='word_1_234' title='bbox 929 2540 1064 2612; x_wconf 89' lang='lat' dir='ltr'><strong>civitatis,</strong></span> <span class='ocrx_word' id='word_1_235' title='bbox 1075 2542 1106 2598; x_wconf 92' lang='lat' dir='ltr'><strong>in</strong></span> <span class='ocrx_word' id='word_1_236' title='bbox 1120 2543 1184 2618; x_wconf 89' lang='lat' dir='ltr'><strong>qui·</strong></span> 
     </span>
     <span class='ocr_line' id='line_1_30' title="bbox 193 2618 1184 2697; baseline 0.001 -20"><span class='ocrx_word' id='word_1_237' title='bbox 193 2619 196 2626; x_wconf 81' lang='grc'><strong>“</strong></span> <span class='ocrx_word' id='word_1_238' title='bbox 234 2620 288 2678; x_wconf 89' lang='lat' dir='ltr'><strong>bns</strong></span> <span class='ocrx_word' id='word_1_239' title='bbox 303 2619 422 2687; x_wconf 85' lang='lat' dir='ltr'><strong>fratrem</strong></span> <span class='ocrx_word' id='word_1_240' title='bbox 435 2639 522 2678; x_wconf 89' lang='lat' dir='ltr'><strong>suum</strong></span> <span class='ocrx_word' id='word_1_241' title='bbox 534 2619 570 2676; x_wconf 91' lang='lat' dir='ltr'><strong>ab</strong></span> <span class='ocrx_word' id='word_1_242' title='bbox 581 2620 728 2677; x_wconf 91' lang='lat' dir='ltr'><strong>avunculo</strong></span> <span class='ocrx_word' id='word_1_243' title='bbox 738 2618 925 2677; x_wconf 87' lang='lat' dir='ltr'><strong>interfectum</strong></span> <span class='ocrx_word' id='word_1_244' title='bbox 939 2619 1075 2690; x_wconf 88' lang='lat' dir='ltr'><strong>audisset,</strong></span> <span class='ocrx_word' id='word_1_245' title='bbox 1088 2638 1184 2697; x_wconf 88' lang='lat' dir='ltr'><strong>nequo</strong></span> 
     </span>
     <span class='ocr_line' id='line_1_31' title="bbox 184 2697 1185 2776; baseline -0.001 -18"><span class='ocrx_word' id='word_1_246' title='bbox 184 2702 223 2758; x_wconf 75' lang='lat'><strong>80</strong></span> <span class='ocrx_word' id='word_1_247' title='bbox 234 2701 265 2756; x_wconf 91' lang='lat' dir='ltr'><strong>in</strong></span> <span class='ocrx_word' id='word_1_248' title='bbox 279 2701 374 2757; x_wconf 91' lang='lat' dir='ltr'><strong>animo</strong></span> <span class='ocrx_word' id='word_1_249' title='bbox 394 2719 447 2758; x_wconf 88' lang='lat' dir='ltr'><strong>sno</strong></span> <span class='ocrx_word' id='word_1_250' title='bbox 465 2698 624 2776; x_wconf 90' lang='lat' dir='ltr'><strong>quidquam</strong></span> <span class='ocrx_word' id='word_1_251' title='bbox 645 2699 708 2775; x_wconf 89' lang='lat' dir='ltr'><strong>regi</strong></span> <span class='ocrx_word' id='word_1_252' title='bbox 728 2697 898 2768; x_wconf 89' lang='lat' dir='ltr'><strong>timendum,</strong></span> <span class='ocrx_word' id='word_1_253' title='bbox 912 2717 1008 2775; x_wconf 90' lang='lat' dir='ltr'><strong>neque</strong></span> <span class='ocrx_word' id='word_1_254' title='bbox 1021 2699 1053 2756; x_wconf 92' lang='lat' dir='ltr'><strong>in</strong></span> <span class='ocrx_word' id='word_1_255' title='bbox 1068 2698 1185 2758; x_wconf 85' lang='lat' dir='ltr'><strong>fortuna</strong></span> 
     </span>
     <span class='ocr_line' id='line_1_32' title="bbox 234 2777 1185 2855; baseline 0.001 -19"><span class='ocrx_word' id='word_1_256' title='bbox 234 2777 500 2854; x_wconf 83' lang='lat' dir='ltr'><strong>concupiscendum</strong></span> <span class='ocrx_word' id='word_1_257' title='bbox 527 2777 693 2852; x_wconf 86' lang='lat' dir='ltr'><strong>relinquere</strong></span> <span class='ocrx_word' id='word_1_258' title='bbox 720 2778 829 2848; x_wconf 85' lang='lat' dir='ltr'><strong>statuit,</strong></span> <span class='ocrx_word' id='word_1_259' title='bbox 851 2786 1075 2855; x_wconf 90' lang='lat' dir='ltr'><strong>contemptuque</strong></span> <span class='ocrx_word' id='word_1_260' title='bbox 1103 2787 1185 2838; x_wconf 87' lang='lat' dir='ltr'><strong>tutus</strong></span> 
     </span>
     <span class='ocr_line' id='line_1_33' title="bbox 235 2852 1185 2933; baseline 0.001 -19"><span class='ocrx_word' id='word_1_261' title='bbox 235 2876 307 2925; x_wconf 89' lang='lat' dir='ltr'><strong>esse,</strong></span> <span class='ocrx_word' id='word_1_262' title='bbox 320 2856 369 2913; x_wconf 91' lang='lat' dir='ltr'><strong>ubi</strong></span> <span class='ocrx_word' id='word_1_263' title='bbox 382 2857 413 2912; x_wconf 91' lang='lat' dir='ltr'><strong>in</strong></span> <span class='ocrx_word' id='word_1_264' title='bbox 424 2856 491 2931; x_wconf 88' lang='lat' dir='ltr'><strong>jure</strong></span> <span class='ocrx_word' id='word_1_265' title='bbox 506 2873 610 2931; x_wconf 90' lang='lat' dir='ltr'><strong>parum</strong></span> <span class='ocrx_word' id='word_1_266' title='bbox 624 2855 750 2932; x_wconf 85' lang='lat' dir='ltr'><strong>praesidii</strong></span> <span class='ocrx_word' id='word_1_267' title='bbox 768 2865 853 2914; x_wconf 88' lang='lat' dir='ltr'><strong>esset.</strong></span> <span class='ocrx_word' id='word_1_268' title='bbox 896 2857 977 2933; x_wconf 90' lang='lat' dir='ltr'><strong>Ergo</strong></span> <span class='ocrx_word' id='word_1_269' title='bbox 990 2876 1027 2914; x_wconf 83' lang='lat' dir='ltr'><strong>ex</strong></span> <span class='ocrx_word' id='word_1_270' title='bbox 1040 2852 1185 2916; x_wconf 86' lang='lat' dir='ltr'><strong>industria</strong></span> 
     </span>
     <span class='ocr_line' id='line_1_34' title="bbox 235 2933 1185 3012; baseline 0.002 -19"><span class='ocrx_word' id='word_1_271' title='bbox 235 2934 329 2993; x_wconf 85' lang='lat' dir='ltr'><strong>factus</strong></span> <span class='ocrx_word' id='word_1_272' title='bbox 344 2935 380 2991; x_wconf 92' lang='lat' dir='ltr'><strong>ad</strong></span> <span class='ocrx_word' id='word_1_273' title='bbox 394 2935 580 2993; x_wconf 90' lang='lat' dir='ltr'><strong>imitationem</strong></span> <span class='ocrx_word' id='word_1_274' title='bbox 594 2933 731 3006; x_wconf 83' lang='lat' dir='ltr'><strong>stultitiae,</strong></span> <span class='ocrx_word' id='word_1_275' title='bbox 746 2954 815 2992; x_wconf 92' lang='lat' dir='ltr'><strong>cum</strong></span> <span class='ocrx_word' id='word_1_276' title='bbox 828 2955 860 2992; x_wconf 87' lang='lat' dir='ltr'><strong>se</strong></span> <span class='ocrx_word' id='word_1_277' title='bbox 874 2955 987 3012; x_wconf 91' lang='lat' dir='ltr'><strong>suaque</strong></span> <span class='ocrx_word' id='word_1_278' title='bbox 1000 2937 1106 3012; x_wconf 73' lang='lat' dir='ltr'><strong>praedae</strong></span> <span class='ocrx_word' id='word_1_279' title='bbox 1119 2956 1185 2995; x_wconf 85' lang='lat' dir='ltr'><strong>esse</strong></span> 
     </span>
     <span class='ocr_line' id='line_1_35' title="bbox 235 3013 1185 3092; baseline 0.001 -20"><span class='ocrx_word' id='word_1_280' title='bbox 235 3015 298 3091; x_wconf 88' lang='lat' dir='ltr'><strong>regi</strong></span> <span class='ocrx_word' id='word_1_281' title='bbox 311 3013 426 3083; x_wconf 89' lang='lat' dir='ltr'><strong>sineret,</strong></span> <span class='ocrx_word' id='word_1_282' title='bbox 442 3013 526 3071; x_wconf 89' lang='lat' dir='ltr'><strong>Bruti</strong></span> <span class='ocrx_word' id='word_1_283' title='bbox 546 3032 660 3090; x_wconf 91' lang='lat' dir='ltr'><strong>quoqne</strong></span> <span class='ocrx_word' id='word_1_284' title='bbox 674 3013 754 3071; x_wconf 90' lang='lat' dir='ltr'><strong>hand</strong></span> <span class='ocrx_word' id='word_1_285' title='bbox 772 3014 874 3073; x_wconf 90' lang='lat' dir='ltr'><strong>abnuit</strong></span> <span class='ocrx_word' id='word_1_286' title='bbox 886 3034 1057 3092; x_wconf 88' lang='lat' dir='ltr'><strong>cognomen,</strong></span> <span class='ocrx_word' id='word_1_287' title='bbox 1072 3024 1113 3086; x_wconf 92' lang='lat' dir='ltr'><strong>ut,</strong></span> <span class='ocrx_word' id='word_1_288' title='bbox 1128 3017 1185 3074; x_wconf 91' lang='lat' dir='ltr'><strong>sub</strong></span> 
     </span>
     <span class='ocr_line' id='line_1_36' title="bbox 186 3092 1184 3170; baseline 0.001 -18"><span class='ocrx_word' id='word_1_289' title='bbox 186 3093 299 3169; x_wconf 73' lang='lat' dir='ltr'><strong>atejus</strong></span> <span class='ocrx_word' id='word_1_290' title='bbox 313 3092 429 3150; x_wconf 92' lang='lat' dir='ltr'><strong>obtentu</strong></span> <span class='ocrx_word' id='word_1_291' title='bbox 443 3093 630 3170; x_wconf 90' lang='lat' dir='ltr'><strong>cognominis,</strong></span> <span class='ocrx_word' id='word_1_292' title='bbox 646 3092 783 3151; x_wconf 90' lang='lat' dir='ltr'><strong>liberator</strong></span> <span class='ocrx_word' id='word_1_293' title='bbox 796 3093 846 3151; x_wconf 93' lang='lat' dir='ltr'><strong>ille</strong></span> <span class='ocrx_word' id='word_1_294' title='bbox 861 3094 960 3170; x_wconf 92' lang='lat' dir='ltr'><strong>populi</strong></span> <span class='ocrx_word' id='word_1_295' title='bbox 981 3093 1107 3152; x_wconf 92' lang='lat' dir='ltr'><strong>Romani</strong></span> <span class='ocrx_word' id='word_1_296' title='bbox 1122 3096 1184 3153; x_wconf 89' lang='lat' dir='ltr'><strong>ani-</strong></span> 
     </span>
     <span class='ocr_line' id='line_1_37' title="bbox 234 3171 1183 3250; baseline -0.001 -22"><span class='ocrx_word' id='word_1_297' title='bbox 234 3191 300 3230; x_wconf 92' lang='lat' dir='ltr'><strong>mus</strong></span> <span class='ocrx_word' id='word_1_298' title='bbox 314 3171 407 3229; x_wconf 89' lang='lat' dir='ltr'><strong>latens</strong></span> <span class='ocrx_word' id='word_1_299' title='bbox 426 3173 605 3248; x_wconf 87' lang='lat' dir='ltr'><strong>opperiretur</strong></span> <span class='ocrx_word' id='word_1_300' title='bbox 623 3180 752 3248; x_wconf 90' lang='lat' dir='ltr'><strong>tempora</strong></span> <span class='ocrx_word' id='word_1_301' title='bbox 772 3192 837 3230; x_wconf 87' lang='lat' dir='ltr'><strong>sua.</strong></span> <span class='ocrx_word' id='word_1_302' title='bbox 879 3172 908 3231; x_wconf 91' lang='lat' dir='ltr'><strong>ls</strong></span> <span class='ocrx_word' id='word_1_303' title='bbox 921 3181 985 3231; x_wconf 92' lang='lat' dir='ltr'><strong>tum</strong></span> <span class='ocrx_word' id='word_1_304' title='bbox 1006 3175 1043 3231; x_wconf 89' lang='lat' dir='ltr'><strong>ab</strong></span> <span class='ocrx_word' id='word_1_305' title='bbox 1057 3173 1183 3250; x_wconf 88' lang='lat' dir='ltr'><strong>Tarqui.</strong></span> 
     </span>
     <span class='ocr_line' id='line_1_38' title="bbox 233 3250 1246 3329; baseline 0.001 -20"><span class='ocrx_word' id='word_1_306' title='bbox 233 3253 289 3309; x_wconf 90' lang='lat' dir='ltr'><strong>niis</strong></span> <span class='ocrx_word' id='word_1_307' title='bbox 313 3250 418 3310; x_wconf 90' lang='lat' dir='ltr'><strong>ductus</strong></span> <span class='ocrx_word' id='word_1_308' title='bbox 442 3250 780 3327; x_wconf 68' lang='lat' dir='ltr'><strong>Delphos-ludibrium</strong></span> <span class='ocrx_word' id='word_1_309' title='bbox 803 3252 902 3309; x_wconf 89' lang='lat' dir='ltr'><strong>verius</strong></span> <span class='ocrx_word' id='word_1_310' title='bbox 929 3271 1018 3329; x_wconf 90' lang='lat' dir='ltr'><strong>quam</strong></span> <span class='ocrx_word' id='word_1_311' title='bbox 1045 3271 1186 3310; x_wconf 88' lang='lat' dir='ltr'><strong>cornes-</strong></span> <span class='ocrx_word' id='word_1_312' title='bbox 1235 3272 1246 3292; x_wconf 37' lang='grc' dir='ltr'><strong>κ’</strong></span> 
     </span>
     <span class='ocr_line' id='line_1_39' title="bbox 235 3329 1183 3403; baseline 0.001 -15"><span class='ocrx_word' id='word_1_313' title='bbox 235 3350 358 3388; x_wconf 89' lang='lat' dir='ltr'><strong>aureum</strong></span> <span class='ocrx_word' id='word_1_314' title='bbox 378 3331 526 3400; x_wconf 90' lang='lat' dir='ltr'><strong>baculum,</strong></span> <span class='ocrx_word' id='word_1_315' title='bbox 541 3329 690 3388; x_wconf 91' lang='lat' dir='ltr'><strong>inclusum</strong></span> <span class='ocrx_word' id='word_1_316' title='bbox 710 3349 816 3388; x_wconf 90' lang='lat' dir='ltr'><strong>corneo</strong></span> <span class='ocrx_word' id='word_1_317' title='bbox 836 3339 939 3388; x_wconf 85' lang='lat' dir='ltr'><strong>cavato</strong></span> <span class='ocrx_word' id='word_1_318' title='bbox 960 3331 997 3389; x_wconf 89' lang='lat' dir='ltr'><strong>ad</strong></span> <span class='ocrx_word' id='word_1_319' title='bbox 1017 3331 1046 3389; x_wconf 96' lang='lat' dir='ltr'><strong>id</strong></span> <span class='ocrx_word' id='word_1_320' title='bbox 1067 3331 1183 3403; x_wconf 90' lang='lat' dir='ltr'><strong>baculo,</strong></span> 
     </span>
    </p>
   </div>
   <div class='ocr_carea' id='block_1_5' title="bbox 185 3409 1185 3888">
    <p class='ocr_par' dir='ltr' id='par_1_8' title="bbox 185 3409 1185 3888">
     <span class='ocr_line' id='line_1_40' title="bbox 233 3409 1183 3488; baseline 0 -20"><span class='ocrx_word' id='word_1_321' title='bbox 233 3412 334 3468; x_wconf 89' lang='lat' dir='ltr'><strong>tulisse</strong></span> <span class='ocrx_word' id='word_1_322' title='bbox 348 3409 456 3469; x_wconf 91' lang='lat' dir='ltr'><strong>donum</strong></span> <span class='ocrx_word' id='word_1_323' title='bbox 469 3409 600 3486; x_wconf 87' lang='lat' dir='ltr'><strong>Apollini</strong></span> <span class='ocrx_word' id='word_1_324' title='bbox 614 3409 730 3480; x_wconf 90' lang='lat' dir='ltr'><strong>dicitur,</strong></span> <span class='ocrx_word' id='word_1_325' title='bbox 745 3427 797 3486; x_wconf 90' lang='lat' dir='ltr'><strong>per</strong></span> <span class='ocrx_word' id='word_1_326' title='bbox 811 3409 948 3487; x_wconf 89' lang='lat' dir='ltr'><strong>ambages</strong></span> <span class='ocrx_word' id='word_1_327' title='bbox 961 3410 1087 3488; x_wconf 86' lang='lat' dir='ltr'><strong>effigiem</strong></span> <span class='ocrx_word' id='word_1_328' title='bbox 1102 3411 1183 3487; x_wconf 86' lang='lat' dir='ltr'><strong>inge·</strong></span> 
     </span>
     <span class='ocr_line' id='line_1_41' title="bbox 185 3487 1183 3567; baseline 0.001 -21"><span class='ocrx_word' id='word_1_329' title='bbox 185 3493 223 3547; x_wconf 82' lang='lat' dir='ltr'><strong>to</strong></span> <span class='ocrx_word' id='word_1_330' title='bbox 234 3491 275 3546; x_wconf 91' lang='lat' dir='ltr'><strong>nii</strong></span> <span class='ocrx_word' id='word_1_331' title='bbox 289 3490 345 3547; x_wconf 88' lang='lat' dir='ltr'><strong>sui.</strong></span> <span class='ocrx_word' id='word_1_332' title='bbox 396 3491 463 3557; x_wconf 84' lang='lat' dir='ltr'><strong>Quo</strong></span> <span class='ocrx_word' id='word_1_333' title='bbox 477 3498 628 3567; x_wconf 88' lang='lat' dir='ltr'><strong>postquam</strong></span> <span class='ocrx_word' id='word_1_334' title='bbox 642 3497 762 3546; x_wconf 90' lang='lat' dir='ltr'><strong>ventum</strong></span> <span class='ocrx_word' id='word_1_335' title='bbox 780 3498 832 3558; x_wconf 87' lang='lat' dir='ltr'><strong>est,</strong></span> <span class='ocrx_word' id='word_1_336' title='bbox 847 3487 1088 3566; x_wconf 87' lang='lat' dir='ltr'><strong>perfectis-patris</strong></span> <span class='ocrx_word' id='word_1_337' title='bbox 1102 3508 1183 3547; x_wconf 87' lang='lat' dir='ltr'><strong>man·</strong></span> 
     </span>
     <span class='ocr_line' id='line_1_42' title="bbox 234 3567 1185 3644; baseline 0.002 -20"><span class='ocrx_word' id='word_1_338' title='bbox 234 3569 316 3637; x_wconf 90' lang='lat' dir='ltr'><strong>datis,</strong></span> <span class='ocrx_word' id='word_1_339' title='bbox 327 3569 431 3644; x_wconf 85' lang='lat' dir='ltr'><strong>cupido</strong></span> <span class='ocrx_word' id='word_1_340' title='bbox 444 3569 562 3626; x_wconf 89' lang='lat' dir='ltr'><strong>incessit</strong></span> <span class='ocrx_word' id='word_1_341' title='bbox 577 3567 687 3624; x_wconf 88' lang='lat' dir='ltr'><strong>animos</strong></span> <span class='ocrx_word' id='word_1_342' title='bbox 697 3568 841 3642; x_wconf 90' lang='lat' dir='ltr'><strong>juvenum</strong></span> <span class='ocrx_word' id='word_1_343' title='bbox 854 3568 1030 3637; x_wconf 90' lang='lat' dir='ltr'><strong>sciscitandi,</strong></span> <span class='ocrx_word' id='word_1_344' title='bbox 1043 3567 1080 3625; x_wconf 93' lang='lat' dir='ltr'><strong>ad</strong></span> <span class='ocrx_word' id='word_1_345' title='bbox 1094 3588 1185 3644; x_wconf 89' lang='lat' dir='ltr'><strong>quem</strong></span> 
     </span>
     <span class='ocr_line' id='line_1_43' title="bbox 233 3645 1184 3722; baseline 0.001 -18"><span class='ocrx_word' id='word_1_346' title='bbox 233 3664 335 3704; x_wconf 90' lang='lat' dir='ltr'><strong>eorum</strong></span> <span class='ocrx_word' id='word_1_347' title='bbox 360 3664 482 3722; x_wconf 88' lang='lat' dir='ltr'><strong>regnum</strong></span> <span class='ocrx_word' id='word_1_348' title='bbox 507 3645 672 3704; x_wconf 90' lang='lat' dir='ltr'><strong>Romanum</strong></span> <span class='ocrx_word' id='word_1_349' title='bbox 695 3655 771 3702; x_wconf 90' lang='lat' dir='ltr'><strong>esset</strong></span> <span class='ocrx_word' id='word_1_350' title='bbox 799 3645 975 3703; x_wconf 72' lang='lat' dir='ltr'><strong>venturum.¹</strong></span> <span class='ocrx_word' id='word_1_351' title='bbox 1006 3646 1055 3703; x_wconf 84' lang='lat' dir='ltr'><strong>Ex</strong></span> <span class='ocrx_word' id='word_1_352' title='bbox 1082 3647 1184 3706; x_wconf 88' lang='lat' dir='ltr'><strong>infimo</strong></span> 
     </span>
     <span class='ocr_line' id='line_1_44' title="bbox 234 3722 1183 3800; baseline 0.005 -20"><span class='ocrx_word' id='word_1_353' title='bbox 234 3740 324 3800; x_wconf 88' lang='lat' dir='ltr'><strong>specu</strong></span> <span class='ocrx_word' id='word_1_354' title='bbox 356 3742 458 3780; x_wconf 89' lang='lat' dir='ltr'><strong>vocem</strong></span> <span class='ocrx_word' id='word_1_355' title='bbox 492 3723 633 3781; x_wconf 90' lang='lat' dir='ltr'><strong>redditam</strong></span> <span class='ocrx_word' id='word_1_356' title='bbox 667 3722 781 3782; x_wconf 84' lang='lat' dir='ltr'><strong>serunt:</strong></span> <span class='ocrx_word' id='word_1_357' title='bbox 818 3723 1003 3800; x_wconf 89' lang='lat' dir='ltr'><strong>“imperium</strong></span> <span class='ocrx_word' id='word_1_358' title='bbox 1033 3743 1183 3785; x_wconf 88' lang='lat' dir='ltr'><strong>summum</strong></span> 
     </span>
     <span class='ocr_line' id='line_1_45' title="bbox 234 3799 1183 3888; baseline 0.005 -30"><span class='ocrx_word' id='word_1_359' title='bbox 234 3799 338 3858; x_wconf 83' lang='lat' dir='ltr'><strong>Romae</strong></span> <span class='ocrx_word' id='word_1_360' title='bbox 356 3800 480 3874; x_wconf 86' lang='lat' dir='ltr'><strong>habebit,</strong></span> <span class='ocrx_word' id='word_1_361' title='bbox 494 3803 545 3880; x_wconf 93' lang='lat' dir='ltr'><strong>qui</strong></span> <span class='ocrx_word' id='word_1_362' title='bbox 565 3810 695 3888; x_wconf 72' lang='lat' dir='ltr'><strong>restrum</strong></span> <span class='ocrx_word' id='word_1_363' title='bbox 715 3800 877 3878; x_wconf 88' lang='lat' dir='ltr'><strong>primus,O</strong></span> <span class='ocrx_word' id='word_1_364' title='bbox 897 3801 1032 3878; x_wconf 82' lang='lat' dir='ltr'><strong>juvenes,</strong></span> <span class='ocrx_word' id='word_1_365' title='bbox 1045 3802 1183 3863; x_wconf 85' lang='lat' dir='ltr'><strong>osculum</strong></span> 
     </span>
    </p>
   </div>
   <div class='ocr_carea' id='block_1_6' title="bbox 559 3933 568 3963">
    <p class='ocr_par' dir='ltr' id='par_1_9' title="bbox 559 3933 568 3963">
     <span class='ocr_line' id='line_1_46' title="bbox 559 3933 568 3963; baseline 0 0"><span class='ocrx_word' id='word_1_366' title='bbox 559 3933 568 3963; x_wconf 83' lang='lat' dir='ltr'><strong>t</strong></span> 
     </span>
    </p>
   </div>
   <div class='ocr_carea' id='block_1_7' title="bbox 0 0 1370 4292">
    <p class='ocr_par' dir='ltr' id='par_1_10' title="bbox 0 0 1370 4292">
     <span class='ocr_line' id='line_1_47' title="bbox 0 0 1370 4292; baseline 0 0"><span class='ocrx_word' id='word_1_367' title='bbox 0 0 1370 4292; x_wconf 95' lang='lat' dir='ltr'><strong> </strong></span> 
     </span>
    </p>
   </div>
  </div>
 </body>
</html>
