2717 4292
515 277 602 318 arann
617 279 638 318 r.
681 279 747 319 car.
763 279 805 320 rv.
1142 271 1158 327 7

160 405 325 464 abundante
345 403 463 464 Lavinii
477 407 670 480 multitudine,
686 410 835 468 florentem
846 410 917 487 jam,
932 420 965 468 ut
984 423 1047 468 tum
1061 429 1109 468 rea

159 496 250 556 erant,
261 495 348 561 atque
357 485 523 562 opulentam
535 487 637 544 urbem
648 490 734 546 matri
741 508 794 546 seu
804 507 939 547 novercae
950 489 1106 566 relinquit;

158 583 265 622 novam
290 565 352 641 ipse
377 565 465 621 aliam
489 566 544 623 sub
567 565 684 624 Albano
705 577 801 625 monte
823 567 958 638 condidit,
975 587 1051 645 quae,
1070 568 1108 630 ab

158 645 216 700 situ
230 653 372 720 porrectae
385 644 416 700 in
430 642 514 701 dorso
528 645 616 716 urbis,
628 644 733 722 Longa
746 646 826 704 Alba
840 647 993 723 appellata.
1029 647 1109 706 Inter

159 721 321 780 Lavinium
335 732 364 780 et
378 722 487 780 Albam
502 722 635 801 Longam
656 723 811 782 deductam
832 726 974 783 coloniam
989 727 1137 804 triginta5

159 800 251 858 ferme
276 800 434 858 interfuere
459 803 537 858 anni.
580 802 710 861 Tantum
733 813 831 861 tamen
854 825 923 882 opes
944 817 1107 878 creverant,

158 881 287 938 maxime
310 879 382 937 fusis
402 879 545 951 Etruscis,
563 891 595 938 ut
615 901 652 939 ne
673 892 764 940 morte
785 884 903 959 quidem
924 884 1037 954 AEneae,
1051 903 1104 942 nec

158 959 264 1016 deinde
278 959 354 1016 inter
374 959 548 1017 muliebrem
568 962 691 1019 tutelam
712 961 966 1039 rudimentumque
980 965 1107 1041 primum

158 1039 281 1116 puerilis
307 1038 400 1115 regni,
415 1057 531 1096 movere
556 1058 638 1097 arma
663 1051 713 1099 aut
734 1040 898 1099 Mezentius
917 1041 1105 1120 Etruscique,

89 1173 96 1188 ,
159 1129 211 1174 aut
231 1118 286 1175 ulli
312 1118 362 1176 alii
385 1117 492 1175 accolae
515 1119 578 1175 ausi
606 1121 672 1177 sint.
723 1119 784 1177 Pax
805 1122 846 1178 ita
868 1132 1052 1192 convenerat,
1074 1132 1106 1180 ut
1118 1123 1155 1178 1⁰

160 1197 296 1255 Etruscis
319 1195 489 1273 Latinisque
509 1198 616 1256 fluvius
630 1198 751 1271 Albula,
766 1219 854 1276 quem
873 1219 953 1260 nunc
974 1200 1106 1258 Tiberim

161 1285 273 1346 vocant,
288 1275 355 1334 finis
375 1287 460 1334 esset.
502 1276 612 1334 Silvius
629 1278 732 1336 deinde
754 1289 865 1356 regnat,
880 1281 1002 1337 Ascanii
1016 1280 1105 1350 filius,

159 1375 231 1412 casu
246 1355 370 1432 quodam
391 1356 422 1411 in
439 1356 520 1412 silvis
536 1366 639 1413 natus:
662 1358 687 1414 is
702 1357 818 1414 AEnean
831 1359 955 1415 Silvium
975 1368 1065 1428 creat,
1080 1361 1106 1416 is

159 1433 262 1492 deinde
278 1433 416 1492 Latinum
436 1434 580 1492 Silvium:
603 1435 639 1492 ab
653 1455 688 1493 eo
702 1436 820 1493 coloniae
834 1437 943 1513 aliquot
964 1436 1104 1508 deductae,

161 1513 253 1570 Prisci
282 1512 380 1572 Latini
408 1513 561 1590 appellati:
590 1515 696 1572 mansit
723 1514 826 1572 Silviis
849 1527 947 1592 postea
972 1516 1106 1574 omnibus
1117 1517 1155 1572 15

159 1612 329 1669 cognomen,
350 1595 401 1670 qui
426 1593 513 1650 Albae
537 1603 743 1670 regnaverunt.
786 1593 891 1653 Latino
913 1593 992 1651 Alba
1015 1605 1105 1666 ortus,

160 1673 239 1730 Alba
260 1673 347 1748 Atys,
362 1673 442 1748 Atye
463 1671 570 1748 Capys,
586 1671 687 1749 Capye
711 1672 847 1750 Capetus,
862 1673 971 1750 Capeto
992 1673 1105 1732 Tiberi-

159 1771 223 1822 nus,
239 1752 299 1828 qui,
314 1754 344 1808 in
365 1752 485 1828 trajecto
499 1752 617 1809 Albulae
632 1753 725 1810 amnis
745 1754 922 1820 submersus,
938 1753 1053 1811 celebra
1068 1754 1105 1811 ad

158 1840 286 1908 posteros
310 1850 413 1889 nomen
437 1831 550 1888 flumini
574 1830 660 1889 dedit.
711 1832 844 1910 Agrippa
870 1833 946 1902 inde,
971 1833 1105 1890 Tiberini

157 1911 246 1980 filius,
267 1920 329 1986 post
353 1911 516 1988 Agrippam
540 1909 684 1968 Romulus
706 1911 824 1982 Silvius
846 1923 962 1988 epatre
985 1914 1153 1989 accepto20

157 1990 288 2066 imperio,
311 1999 430 2066 regnat:
459 1989 613 2059 Aventino,
636 1990 757 2047 fulmine
782 1992 843 2066 ipse
870 1992 955 2061 ictus,
980 2011 1103 2068 regnum

157 2087 210 2144 per
225 2073 330 2126 manus
342 2068 474 2126 tradidit:
496 2069 529 2139 is,
544 2070 675 2145 sepultus
689 2071 719 2127 in
733 2090 766 2127 eo
781 2071 864 2141 colle,
879 2071 930 2146 qui
944 2089 1023 2126 nunc
1037 2089 1105 2146 pars

157 2148 299 2206 Romanae
321 2157 364 2205 est
388 2148 477 2218 urbis,
492 2147 651 2226 cognomen
676 2149 744 2208 colli
767 2149 844 2207 fecit.
887 2149 979 2207 Proca
1000 2148 1104 2207 deinde

158 2237 272 2304 regnat.
314 2226 343 2285 ls
363 2227 547 2284 Numitorem
568 2237 653 2305 atque
668 2229 824 2286 Amulium
845 2239 986 2305 procreat,
998 2227 1103 2287 Numi·

126 2348 136 2374 ,
158 2309 221 2376 tori,
243 2307 294 2382 qui
315 2307 412 2384 stirpis
436 2307 581 2364 maximus
601 2318 671 2378 erat,
695 2327 818 2384 regnum
839 2318 985 2366 vetustum
1003 2308 1153 2366 Silviaect

156 2387 253 2462 gentis
268 2386 355 2464 legat.
398 2385 468 2442 Plus
481 2395 578 2444 tamen
593 2388 636 2445 vis
650 2389 750 2464 potuit,
764 2407 853 2464 quam
867 2388 1000 2446 voluntas
1014 2389 1104 2465 patris

158 2475 209 2522 aut
237 2463 415 2523 verecundia
442 2468 550 2524 aetatist
586 2467 668 2542 pulso
697 2465 796 2536 fratre,
821 2466 962 2524 Amulius
990 2476 1101 2542 regnat.

159 2543 249 2602 Addit
270 2543 376 2602 sceleri
399 2543 513 2601 scelus:
545 2546 664 2620 stirpem
690 2544 787 2601 fratris
811 2546 925 2603 virilem
949 2545 1102 2613 interemit,

158 2621 256 2681 fratris
270 2623 338 2680 filia
359 2622 430 2680 Reae
444 2623 545 2680 Silviae
565 2642 617 2699 per
631 2624 758 2698 speciem
777 2623 901 2690 honoris,
917 2640 985 2678 cum
999 2621 1102 2677 Vesta-

158 2701 216 2758 lem
231 2721 297 2759 eam
312 2702 437 2778 legisset,
448 2711 589 2779 perpetua
603 2700 768 2777 virginitate
783 2719 863 2776 spem
877 2709 977 2776 partus
992 2698 1102 2755 adimit.
1114 2703 1153 2758 ³⁰

198 2781 251 2839 IV.
275 2781 334 2839 Sed
347 2781 577 2839 debebatur—nt
591 2779 798 2856 opinor—fatis
811 2789 898 2837 tantae
911 2779 992 2856 origo
1013 2778 1102 2850 urbis,

158 2861 336 2936 maximique
361 2859 522 2918 secundum
544 2859 664 2917 deorum
688 2878 756 2935 opes
780 2859 894 2936 imperii
916 2859 1101 2935 principium.

159 2937 196 2995 Vi
220 2957 385 3016 compresse
407 2939 543 3008 Vestalis,
559 2957 628 2996 cum
651 2939 801 3017 geminum
823 2948 937 3016 partum
958 2938 1101 3010 edidisset,

158 3037 211 3075 seu
236 3019 277 3076 ita
291 3028 362 3089 rata,
378 3038 430 3076 seu
451 3018 520 3094 quia
534 3016 606 3074 deus
628 3027 729 3076 auctor
750 3017 846 3094 culpae
868 3018 1012 3075 honestior
1029 3027 1101 3087 erat,

117 3153 123 3164 ,
158 3096 284 3154 Martem
304 3097 423 3155 incertae
443 3097 540 3172 stirpis
560 3104 671 3173 patrem
692 3106 851 3172 nuncupat.
894 3096 952 3154 Sed
974 3115 1030 3155 nec
1052 3096 1102 3168 dii,
1113 3100 1151 3154 35

158 3195 211 3233 nec
234 3176 374 3245 homines
390 3184 440 3233 aut
459 3176 552 3252 ipsam
574 3184 625 3231 aut
649 3177 766 3252 stirpem
789 3195 806 3232 a
828 3175 997 3234 crudelitate
1022 3177 1102 3252 regia

158 3255 323 3313 vindicant:
344 3253 479 3312 sacerdos
494 3255 591 3311 vincta
609 3255 639 3310 in
653 3255 812 3312 custodiam
827 3254 930 3326 datur3
953 3273 1058 3329 pueros
1071 3257 1102 3311 in

158 3335 346 3410 profluentem
361 3352 467 3408 aquam
488 3333 561 3389 mitti
576 3332 669 3408 jubet.
712 3332 799 3390 Forte
820 3333 946 3407 quadam
966 3332 1103 3388 divinitus

156 3431 245 3488 super
261 3413 338 3486 ripas
359 3411 475 3469 Tiberis
492 3410 602 3468 effusus
622 3411 737 3468 lenibus
757 3411 875 3485 stagnis,
890 3428 944 3466 nec
967 3408 1041 3465 adiri
1054 3427 1102 3464 us-

156 3510 245 3565 quam
261 3490 297 3547 ad
315 3491 387 3566 justi
408 3509 528 3548 cursum
549 3499 658 3566 poterat
679 3489 790 3559 amnis;
813 3496 851 3555 et,
866 3506 948 3561 posse
969 3487 1150 3560 quamvisld

157 3569 297 3645 languida
311 3571 404 3646 mergi
419 3589 496 3647 aqua
509 3568 641 3638 infantes,
656 3588 738 3645 spem
757 3564 915 3622 ferentibus
928 3565 1030 3622 dabat:
1052 3565 1102 3634 ita,

156 3648 237 3705 velut
252 3647 382 3706 defuncti
397 3650 474 3726 regis
494 3648 616 3724 imperio
629 3649 659 3703 in
674 3646 805 3723 proxima
826 3644 943 3714 alluvie,
959 3644 1009 3701 ubi
1022 3660 1102 3700 nunc

156 3725 232 3786 ficus
246 3727 413 3786 Ruminalis
423 3726 695 3784 est-Romularem
709 3732 841 3782 vocatam
852 3720 1104 3798 ferunt—pueros

158 3814 315 3886 exponunt.
356 3805 456 3864 Vastae
469 3816 531 3864 tum
545 3805 575 3860 in
586 3803 631 3860 his
644 3803 716 3860 locis
730 3800 897 3859 solitudmes
910 3809 1002 3858 erant.
1043 3798 1101 3855 'l'e-
