2717 4292
489 296 575 338 mara
596 297 640 338 nr.
682 297 748 339 car.
763 299 825 340 arv.
1115 292 1154 352 69

148 445 247 505 pene,
263 401 355 504 quam
375 427 430 504 ipsi
449 427 533 485 neeri
553 413 779 499 steatomata
796 429 860 506 am
879 430 910 488 in
924 430 1103 493 adversarios

157 505 254 564 vultis.
298 505 507 583 Numquamne
528 508 650 583 quiescit
670 509 775 566 civitas
787 519 885 568 nostra
905 530 923 568 a
942 511 1102 589 suppliciis,

155 596 204 643 aut
225 593 344 662 patrum
366 586 396 642 in
417 587 529 662 plebem
552 586 714 644 Romanam
736 598 785 646 aut
809 589 901 666 plebis
928 590 957 645 in
982 589 1102 666 patresf

154 665 245 722 Scuto
260 665 342 722 vobis
363 665 456 742 magis
470 683 558 741 quam
578 665 674 742 gladio
688 687 761 744 opus
783 680 842 724 est:
868 670 937 726 satis
958 688 1102 746 superque

152 744 274 801 humilis
289 755 341 814 est,
357 745 406 821 qui
421 744 487 819 jure
506 762 589 820 aequo
607 746 636 802 in
654 747 770 803 civitate
790 748 869 815 vivit,
885 766 939 804 uec
953 747 1131 807 inferendo5

151 823 294 899 injuriam
317 843 372 880 nec
395 823 544 899 patiendo:
566 826 662 893 etiam,
678 826 703 881 si
725 826 840 902 quando
863 827 1030 884 metuendos
1051 848 1101 885 vos

151 903 303 980 praebituri
323 904 400 972 estis,
416 921 492 971 cum,
509 905 686 979 recuperetis
700 905 916 980 magistratibus
929 906 1100 983 legibusque

151 983 268 1051 restris,
280 981 393 1058 judicia
414 1001 502 1058 penes
523 1000 574 1039 vos
594 996 678 1040 erunt
693 983 728 1040 de
743 985 836 1060 capite
850 995 945 1041 nostro
967 985 1099 1042 fortunis-

150 1078 219 1136 que,
229 1073 310 1129 tunc‚
323 1073 354 1118 ut
364 1080 486 1138 quaeque
498 1080 588 1118 causa
601 1064 663 1131 erit,
676 1065 824 1120 statuetis:
845 1083 924 1120 nunc
939 1064 1101 1121 libertatem

150 1141 243 1216 repeti
258 1141 328 1198 satis
342 1139 417 1197 est.'’
458 1139 540 1198 LIV.
564 1139 716 1198 Facerent.
732 1152 764 1198 nt
783 1142 898 1212 vellent,
914 1143 1098 1219 permittenti·
1112 1148 1148 1204 1⁰

151 1219 207 1276 bus
228 1219 352 1289 cunctis,
367 1238 441 1277 mox·
455 1219 596 1278 redituros
617 1240 648 1278 se
663 1221 752 1297 regati
767 1211 853 1278 rebus
873 1220 1009 1298 perfectis
1023 1223 1098 1280 affir-

151 1308 242 1356 mant.
286 1298 410 1356 Profecti
434 1317 503 1356 cum
527 1299 662 1356 mandata
690 1301 783 1376 plebis
803 1302 932 1376 patribus
952 1304 1098 1380 exposuis-

150 1387 225 1447 sent,
242 1377 293 1434 alii
307 1378 473 1448 decemviri,
489 1378 603 1456 quaudo
623 1379 741 1453 quidem
756 1390 859 1455 praeter
877 1398 958 1456 spem
972 1381 1099 1457 ipsorum

150 1457 288 1533 supplicii
302 1458 349 1514 sni
362 1458 444 1515 nulla
459 1459 565 1515 mentio
577 1457 668 1527 fieret,
684 1458 762 1515 baud
781 1458 939 1535 quidquam
953 1460 1098 1518 abnuere:

150 1535 268 1612 Appius
293 1538 368 1596 truci
395 1537 512 1614 ingenio
534 1547 563 1594 et
584 1536 693 1594 invidia
717 1539 872 1614 precipua,
893 1537 992 1594 odium
1015 1540 1047 1596 in
1066 1542 1148 1598 sote

151 1613 278 1672 aliorum
300 1636 353 1674 suo
376 1617 407 1673 in
429 1636 478 1674 eos
499 1616 622 1674 metiens
645 1615 710 1674 odio
735 1616 841 1674 “hand
863 1616 985 1694 ignaro''
1006 1618 1099 1693 inquit

151 1695 312 1753 “imminet
332 1695 463 1754 fortuna:
485 1695 577 1765 video,
592 1695 685 1754 donec
699 1713 781 1754 arma
794 1695 969 1753 adversariis
982 1696 1098 1755 tradan-

149 1782 208 1844 tur,
223 1774 334 1832 differri
358 1774 497 1832 adversus
520 1791 572 1832 nos
596 1785 760 1833 certamen:
782 1775 894 1832 dandus
918 1775 1035 1833 invidiae
1055 1784 1098 1835 est

55 1856 58 1860 ’
148 1855 290 1931 sanguis:
311 1854 383 1911 nihil
398 1872 434 1912 ne
449 1872 503 1930 ego
517 1853 633 1931 quidem
654 1873 757 1922 moror,
772 1875 830 1931 quo
844 1856 940 1912 minus
953 1855 1097 1913 decemvi-

149 1943 217 1989 ratu
233 1931 369 1990 abeam.''
411 1933 536 1990 Factum
557 1943 674 1990 senatus
695 1935 868 2004 consultum,
885 1945 916 1992 nt
936 1935 1096 1992 decemviri
1106 1937 1147 1992 20

148 2031 183 2069 se
197 2013 291 2088 primo
301 2031 415 2088 quoque
428 2022 556 2089 tempore
571 2014 740 2090 magistratu
751 2013 927 2082 abdicarent,
937 2013 975 2078 Q.
989 2012 1098 2071 Furius

150 2091 280 2168 pontifex
296 2093 439 2149 maximus
458 2091 587 2149 tribunos
605 2092 697 2168 plebis
711 2102 832 2162 crearet,
847 2103 876 2149 et
886 2111 923 2149 ne
938 2093 987 2149 cui
1002 2091 1097 2149 fraudi

149 2181 229 2228 esset
249 2172 374 2229 secessio
394 2172 519 2228 militum
539 2171 699 2247 plebisque.
741 2171 797 2229 His
820 2171 1097 2229 senatusconsultis

150 2249 297 2325 perfectis,
320 2250 435 2308 dimisso
459 2260 571 2319 senatu,
586 2249 744 2308 decemviri
768 2251 909 2328 prodeunt
932 2251 963 2308 in
984 2252 1095 2309 concio

150 2347 219 2385 nem
241 2329 432 2405 abdicentque
453 2348 484 2386 se
502 2330 681 2407 magistratu,
697 2331 807 2408 ingenti
821 2331 970 2388 hominum
984 2330 1094 2388 laetitia.
1105 2334 1146 2389 25

150 2407 335 2466 Nuntiantur
356 2409 418 2466 haec
439 2409 525 2486 plebi.
568 2408 693 2486 Legatos
711 2409 850 2486 quidquid
869 2410 899 2466 in
921 2410 993 2467 urbe
1007 2410 1095 2467 homi-

150 2505 223 2544 num
243 2497 395 2564 supererat
415 2489 606 2564 prosequitur.
650 2487 731 2545 Huic
752 2488 928 2546 multitudini
949 2488 1016 2545 laeta
1039 2489 1098 2546 alia

150 2568 238 2623 turba
252 2586 289 2624 ex
304 2568 406 2625 castris
426 2567 569 2624 occurrit:
592 2567 832 2643 congratulantur
852 2567 1015 2624 libertatem
1030 2585 1096 2623 oon·

151 2645 340 2722 cordiamque
367 2646 476 2704 civitati
505 2646 675 2704 restitutam.
730 2643 837 2721 Legati
864 2663 915 2720 pro
942 2645 1097 2700 concione:

152 2732 170 2760 “
179 2725 257 2801 quod
273 2726 386 2794 bonum,
403 2724 538 2794 faustum,
555 2724 682 2799 felixque
696 2724 733 2781 sit
747 2724 836 2792 vobis,
849 2723 949 2798 reique
963 2722 1096 2798 publicae,
1107 2725 1148 2782 30

152 2805 242 2862 redite
258 2805 287 2861 in
303 2805 426 2881 patriam
448 2805 483 2861 ad
505 2813 622 2881 penates
641 2803 780 2880 conjuges
800 2802 962 2877 liberosque
977 2811 1096 2860 vestros.

152 2883 219 2954 Sed,
231 2903 291 2959 qna
305 2885 353 2941 hic
368 2883 504 2940 modestia
519 2883 621 2953 fuistis,
633 2883 683 2939 ubi
697 2882 808 2940 nullius
821 2900 891 2959 ager
904 2882 934 2938 in
948 2891 989 2940 tot
999 2900 1098 2939 rernm

152 2982 209 3020 usu
223 2963 388 3020 necessario
401 2972 488 3020 tantae
502 2962 678 3020 multitudini
693 2971 736 3020 est
749 2962 880 3032 violatus,
890 2981 955 3019 eam
967 2961 1097 3020 modesti-

152 3061 199 3099 am
215 3041 288 3100 ferte
303 3043 333 3098 in
347 3042 458 3100 urbem.
487 3040 521 3100 In
533 3041 713 3099 Aventinum
726 3042 774 3111 ite,
787 3041 863 3099 uude
877 3042 997 3118 protecti
1012 3043 1096 3099 estis:

152 3121 192 3179 ibi
207 3120 287 3179 felici
301 3122 373 3191 loco,
389 3122 439 3178 ubi
453 3122 547 3197 prima
560 3121 642 3178 initia
656 3121 811 3178 inchoastis
825 3120 965 3178 libertatis
985 3132 1097 3191 vestrae,
1107 3124 1146 3178 ³5

152 3201 284 3258 tribunos
298 3200 375 3275 plebi
386 3201 538 3258 creabitis:
560 3209 662 3276 praesto
676 3201 731 3257 erit
741 3199 868 3277 pontifex
882 3200 1035 3269 maximus,
1047 3200 1097 3275 qui

152 3281 271 3338 comitia
296 3278 435 3338 habeat.”
487 3277 592 3356 Ingens
617 3298 752 3337 assensus
776 3279 970 3353 alacritasque
992 3290 1098 3335 cuncta

153 3360 374 3435 approbantrum
405 3357 469 3416 fuit.
511 3355 685 3416 Convellunt
708 3358 775 3414 inde
803 3358 895 3432 signa,
921 3355 1098 3432 profectique

153 3437 288 3508 Romam,
304 3448 416 3496 certant
436 3456 504 3496 cum
525 3439 615 3495 obviis
636 3437 752 3515 gaudio.
795 3436 909 3492 Armati
931 3453 983 3510 per
997 3435 1097 3491 urbem

154 3519 268 3576 silentio
281 3518 311 3574 in
327 3518 508 3575 Aventinum
523 3519 705 3593 perveniunt.
747 3515 789 3572 Ibi
804 3513 954 3588 extemplo'
965 3513 1098 3590 pontifice
1108 3518 1146 3574 40

155 3597 282 3654 maximo
296 3598 413 3654 comitia
427 3597 559 3668 habente,
571 3597 701 3654 tribunos
712 3595 802 3670 plebis
816 3602 997 3661 creaverunt,
1009 3591 1098 3649 omni-

155 3695 206 3734 um
221 3678 346 3752 primurn
361 3673 397 3734 L.
414 3676 591 3753 virginium,
606 3676 672 3734 inde
687 3674 724 3731 L.
741 3673 855 3731 Icilium
869 3683 898 3728 ct
916 3671 949 3729 P.
965 3671 995 3729 N
998 3673 1098 3731 umito·

156 3755 233 3812 rium
257 3756 439 3813 avunculum
460 3755 609 3831 Virginios,
629 3764 763 3813 auctores
783 3751 962 3831 secessionis,
977 3760 1038 3809 tum
1062 3751 1098 3811 0.

157 3833 508 3912 Sicinium-progeniem
523 3834 595 3910 ejus,
606 3852 694 3910 quem
708 3832 833 3910 primum
842 3831 991 3891 tribunum
1003 3831 1096 3911 plebis
