2717 4292
470 377 556 418 amsa
578 382 597 419 ι.
639 377 705 447 aar.
720 379 801 421 xxvi.
1089 369 1131 434 25

135 508 301 588 aufugerat,
313 526 383 571 cum
398 509 556 585 respiciens
569 507 647 566 videt
659 511 774 586 magnis
786 510 947 570 intervallis
959 529 1081 590 sequen-

135 602 187 650 tes.
213 607 307 646 uuum
330 587 407 644 haud
429 587 531 664 procul
554 588 590 644 ab
610 607 673 646 sese
695 590 814 646 abesse:
835 590 866 647 iu
886 608 955 648 eum
976 609 1082 669 magno

135 668 245 744 impetu
256 667 349 736 rediit,
359 676 396 735 et,
406 666 475 724 dum
484 667 618 723 Albanus
626 668 772 726 exercitus
785 669 924 728 inclamat
933 669 1080 742 Curiatiis,

134 747 177 804 uti
202 766 286 823 opem
310 745 404 803 ferant
428 744 518 815 fratri,
541 746 603 822 jam
624 745 772 817 Horatius,
790 767 866 805 caeso
884 750 963 807 hoste
978 752 1079 822 victor,

134 826 296 882 secundnm
320 843 448 902 pugnam
472 825 594 901 petebat.
650 824 738 882 Tunc
765 826 900 896 clamore,
924 829 1020 903 qualis
1042 834 1109 887 ex5
1151 843 1156 856 '

134 905 281 980 insperato
297 903 454 961 faventium
468 904 549 972 solet,
559 903 683 962 Romani
697 904 835 980 adjuvant
848 907 969 964 militem
982 927 1079 979 suum,

132 995 162 1040 et
178 985 230 1040 ille
245 983 361 1060 defungi
385 983 487 1058 proelio
502 981 626 1039 festinat.
667 982 753 1040 Prius
773 985 879 1060 itaque,
895 1004 982 1062 quarn
998 987 1078 1058 alter,

132 1063 184 1138 qui
195 1081 250 1118 nec
260 1063 358 1138 procul
371 1063 477 1130 aberat,
487 1062 624 1137 consequi
634 1072 736 1136 posset,
745 1072 774 1120 et
782 1063 905 1121 alterum
916 1062 1079 1122 Curiatium

131 1141 261 1198 conficit.
303 1140 436 1216 Jamque,
451 1151 563 1215 aequato
584 1140 686 1210 Marte,
701 1142 809 1217 singuli
829 1153 1007 1219 supererant,
1028 1145 1079 1201 sed

132 1239 189 1277 nec
203 1239 254 1296 spe
268 1239 324 1277 nec
339 1220 448 1276 viribus
458 1237 559 1294 pares:
581 1219 705 1276 alterum
719 1221 859 1278 intactum
873 1221 949 1280 ferm
962 1242 1077 1300 corpus,
1092 1227 1128 1281 10

132 1310 162 1356 et
176 1301 325 1377 geminata
343 1299 471 1368 victoria,
487 1297 613 1355 ferocem
633 1299 664 1354 in
678 1309 826 1356 certamen
845 1302 962 1358 tertium
982 1301 1077 1372 dabat,

133 1378 217 1447 ulter,
243 1376 353 1434 fessum
374 1377 495 1435 vulnere
516 1375 630 1433 fessum
650 1394 741 1434 cursu
760 1377 878 1435 trahens
899 1398 1013 1456 corpus,
1035 1382 1076 1439 vi·

133 1466 258 1533 utusque
270 1455 393 1513 fratrum
407 1466 473 1514 ante
487 1475 519 1513 se
530 1465 636 1532 strage,
649 1456 751 1513 victori
761 1457 895 1533 objicitur
905 1459 988 1515 hosti.
1011 1459 1078 1517 Nec

133 1536 207 1594 illud
231 1535 368 1612 proelium
392 1534 463 1592 suit:
495 1534 645 1592 Romanus
668 1535 818 1592 exsultans
842 1535 962 1594 “duos’'
986 1538 1079 1614 inquit

134 1615 287 1672 “fratrum
308 1614 445 1671 Manibus
465 1613 539 1683 dedi,
560 1614 678 1670 tertium
692 1631 790 1672 causae
809 1613 879 1671 belli
898 1614 1031 1691 hujusce,
1047 1625 1079 1675 ut
1091 1619 1128 1674 15

134 1693 284 1752 Romanus
305 1693 422 1751 Albano
443 1694 572 1769 imperet,
587 1692 700 1750 dab0:'’
728 1692 805 1751 male
823 1693 976 1751 sustinenti
996 1713 1079 1754 arma

131 1772 264 1849 gladium
278 1791 403 1849 superne
414 1773 517 1850 jugulo
531 1772 638 1848 defigit,
650 1771 796 1847 jacentem
810 1772 922 1848 spoliat.
953 1773 1077 1832 Romani

44 1863 56 1884 ·
130 1863 252 1909 ovantes
267 1871 302 1908 ac
315 1853 494 1930 gratulantes
509 1851 662 1908 Horatium
677 1853 824 1928 accipiunt
836 1871 871 1909 eo
885 1853 993 1928 majore
1008 1874 1077 1911 oum

129 1931 248 2006 gaudio,
263 1948 321 2006 quo
332 1950 418 2007 prope
433 1940 541 1987 metum
555 1949 601 1987 res
616 1928 720 1988 fuerat.
754 1931 802 1988 Ad
816 1931 995 2007 sepulturam
1009 1934 1076 1990 inde

129 2019 252 2067 suorum
267 2028 450 2087 nequaquam
471 2010 588 2086 paribus
602 2011 705 2067 animis
720 2021 880 2080 vertuntur,
894 2012 1000 2086 quippe
1023 2013 1074 2069 im·
1085 2012 1126 2066 20

129 2091 211 2165 perio
234 2089 317 2146 alteri
339 2090 425 2157 aucti,
441 2089 525 2146 elteri
545 2088 659 2146 ditionis
673 2090 776 2146 alienae
792 2089 871 2146 facti.
912 2089 1076 2166 Sepulchra

129 2177 246 2226 exstant
269 2187 327 2244 quo
347 2169 468 2244 quisque
492 2168 555 2226 loco
575 2168 689 2238 cecidit,
704 2169 761 2225 duo
781 2169 913 2226 Romana·
934 2188 991 2228 uno
1011 2169 1075 2227 loco

129 2248 250 2324 propius
271 2247 389 2316 Albam,
411 2248 466 2304 tria
480 2247 597 2304 Albana
618 2247 740 2304 Romam
754 2266 856 2304 versus
869 2248 919 2306 sed
940 2248 1074 2306 distantia

129 2327 211 2394 locis,
234 2335 316 2384 utet
337 2336 496 2402 pugnatum
517 2337 569 2383 est.
618 2326 730 2385 XXVI.
752 2326 923 2403 Priusquam
945 2328 1011 2386 inde
1032 2328 1073 2384 di-

128 2405 331 2482 grederentur‚
342 2407 452 2482 roganti
468 2404 574 2476 Mettio,
585 2424 621 2464 ex
633 2405 741 2464 foedere
755 2406 813 2464 icto
825 2406 894 2481 quid
908 2407 1071 2483 imperaret,
1082 2409 1122 2462 25

128 2487 253 2560 imperat
269 2484 385 2554 TulluS,
401 2484 442 2542 uti
459 2485 641 2560 juventutem
662 2486 692 2540 in
707 2486 795 2542 armis
808 2485 928 2542 habeat:
951 2505 1073 2542 usurum

129 2584 159 2620 se
183 2581 286 2620 eorum
310 2583 405 2639 opera,
431 2565 455 2620 si
479 2564 589 2620 bellum
614 2582 683 2619 cum
704 2563 876 2619 Veientibus
898 2563 979 2620 foret.
1029 2564 1074 2621 Ita

128 2643 278 2700 exercitus
301 2642 368 2700 iude
392 2643 488 2700 domos
513 2642 640 2698 abducti.
682 2641 820 2714 Princeps
844 2639 983 2697 Horatius
1003 2641 1073 2710 ibat,

103 2723 286 2798 ·trigemina
310 2720 400 2797 spolia
424 2741 482 2796 prae
506 2741 536 2778 se
564 2737 685 2796 gerens:
717 2719 766 2775 cui
789 2736 870 2775 soror
893 2719 983 2797 virgo,
1008 2737 1074 2795 quae
1104 2754 1116 2771 c

127 2800 272 2876 desponsa
286 2802 337 2857 uni
357 2819 393 2856 ex
408 2800 545 2857 Curiatiis
560 2799 663 2867 fuerat,
678 2797 762 2855 obvia
776 2806 842 2855 ante
857 2808 967 2874 portam
981 2797 1072 2875 Cape·
1082 2800 1122 2855 ³0

127 2899 195 2936 uam
212 2879 284 2936 fuit:
306 2880 475 2956 cognitoque
490 2897 577 2955 super
597 2879 732 2935 humeros
753 2875 849 2934 fratris
870 2877 1072 2955 paludamento

127 2959 234 3035 spo‘nsi,
264 2957 340 3034 quod
368 2959 430 3034 ipsa
453 2957 626 3027 confecerat,
651 2957 735 3015 solvit
762 2958 857 3014 crines
884 2967 912 3014 et
940 2959 1072 3015 flebiliter

127 3039 244 3094 nomine
266 3055 403 3112 sponsum
417 3047 561 3094 mortuum
577 3037 711 3112 appellat.
753 3035 851 3093 Movet
865 3035 954 3093 feroci
970 3037 1070 3112 juvent

127 3117 261 3173 animum
282 3116 584 3192 comploratiosororis
605 3117 634 3172 iu
650 3115 771 3173 victoria
784 3134 838 3172 sua
851 3124 986 3191 tantoque
999 3134 1070 3193 gau.

126 3195 173 3252 dio
188 3195 324 3271 publico:
346 3195 443 3252 stricto
463 3196 559 3270 itaque
579 3194 685 3270 gladio,
700 3194 787 3252 simul
801 3194 897 3251 verbis
916 3195 1072 3271 increpans
1081 3198 1120 3252 ³5

126 3274 276 3350 transfigit
295 3274 440 3350 puellam:
462 3274 536 3330 “abi
560 3275 628 3331 hinc
652 3292 722 3330 curn
742 3273 896 3329 immaturo
916 3291 1014 3331 amore
1034 3273 1072 3330 ad

126 3350 289 3428 sponsunf’
314 3352 416 3428 inquit,
446 3352 560 3410 “oblita
588 3352 711 3410 fratrum
738 3360 917 3407 mortuorum
942 3353 1070 3426 vivique,

127 3432 215 3489 oblita
237 3432 355 3507 patriae:
377 3433 420 3489 sic
442 3441 497 3500 eat,
518 3450 709 3507 quaecumque
733 3430 866 3488 Romana
891 3430 1003 3504 lugebit
1022 3432 1070 3487 ho-

125 3509 236 3568 aiem.''
279 3511 372 3567 Atrox
393 3512 488 3568 visum
508 3511 536 3566 id
558 3510 671 3567 facinus
696 3509 824 3585 patribus
848 3507 999 3584 plebique:
1020 3507 1069 3566 sed

128 3606 232 3646 recens
247 3589 382 3645 meritum
404 3589 478 3647 facto
490 3590 629 3646 obstabat.
672 3588 786 3646 Temen
807 3595 905 3662 raptus
924 3587 954 3644 in
971 3587 1021 3663 jus
1034 3586 1070 3644 ad
1079 3591 1119 3648 40

128 3682 239 3742 regum.
292 3666 365 3737 Rex,
391 3687 427 3725 ne
451 3669 511 3744 ipse
532 3678 590 3724 tam
611 3667 699 3724 tristis
720 3667 881 3744 ingratique
905 3665 940 3722 ad
966 3667 1071 3746 vulgus

126 3744 239 3822 judicii,
269 3765 305 3803 ac
332 3747 491 3803 secuudum
516 3746 668 3822 judicium,
697 3746 830 3822 supplicii
858 3756 957 3802 auctor
986 3757 1069 3816 esset,

126 3824 253 3882 coneilio
277 3826 375 3900 populi
396 3826 542 3895 advocato,
564 3824 781 3881 “duumviros''
802 3826 904 3900 inquit,
920 3826 998 3900 “qui
1012 3825 1070 3882 ilo-

129 3905 207 3963 ratio
231 3902 458 3980 perduellionem
483 3904 622 3994 judicent,
651 3902 813 3961 secundum
840 3904 936 3978 legem
964 3900 1076 3959 facio.''
