2717 4292
488 300 574 340 arana
593 300 635 341 1v.
670 302 736 341 car.
751 302 795 342 rt.
1099 288 1136 351 81

147 429 288 490 connubio
307 430 420 506 plebem
441 440 572 507 paratam
593 430 712 489 dilectui
726 430 795 489 fore.
837 432 913 491 uum
931 433 1091 493 Canuleius

145 510 265 567 victoria
287 510 322 566 de
336 511 466 587 patribus
487 519 515 567 et
529 510 620 586 plebis
642 509 739 568 favore
759 512 861 589 ingens
875 524 958 583 esset,
974 515 1090 573 accensi

145 589 193 646 alii
207 590 318 646 tribuni
339 589 375 646 ad
390 600 538 646 certamen
558 609 610 666 pro
631 591 777 666 rogatione
790 610 844 648 sua
857 610 972 649 summa
991 595 1021 651 vi
1037 613 1089 670 pu-

143 676 243 744 gnant,
256 677 294 738 et,
306 680 454 726 crescente
467 670 498 725 in
510 668 571 725 dies
585 666 663 726 sama
677 668 755 739 belli,
766 670 905 728 dilectum
920 673 1088 748 impediunt.

143 746 296 817 Consules,
307 766 377 804 cum
391 765 443 823 per
457 757 598 818 senatum,
614 748 858 807 intercedentibus
871 750 1003 822 tribunis,
1017 752 1089 809 nihil
1120 757 1138 811 5

144 826 192 903 agi
213 835 318 903 posset,
334 827 455 885 consilia
473 827 637 904 principum
651 827 730 885 domi
742 828 903 887 habebant:
925 832 1089 907 apparebat,

144 914 195 962 aut
220 905 348 963 hostibus
367 914 418 962 aut
443 906 556 963 civibus
576 905 612 962 de
633 906 754 967 victoria
774 908 991 966 concedendum
1015 930 1089 968 esse.

144 982 206 1042 Soli
220 1003 257 1041 ex
272 983 473 1043 consularibus
493 984 631 1043 Valerius
646 996 731 1062 atque
752 985 891 1045 Horatius
910 1006 967 1045 non
987 989 1091 1047 intere-

144 1071 211 1119 rant
234 1064 371 1121 consiliis.
412 1062 447 1121 C.
463 1064 579 1122 Claudii
601 1066 743 1123 sententia
764 1067 899 1125 consules
917 1068 1047 1126 armabat
1060 1069 1092 1125 in

144 1141 286 1211 tribunos,
301 1141 769 1221 Quinctiorum-Cincinnatique
790 1154 819 1203 et
832 1145 1090 1222 Capitolini-sen·
1104 1150 1140 1205 10

145 1221 243 1278 tentiae
272 1222 463 1279 abhorrebant
488 1242 505 1280 a
533 1222 612 1281 caede
641 1223 848 1300 violandisque,
873 1245 954 1301 qnos,
980 1225 1090 1285 foedere

145 1299 203 1356 icto
218 1318 287 1357 cum
308 1300 401 1376 plebe,
416 1312 615 1360 sacrosanctos
636 1302 826 1377 accepissent.
869 1304 928 1362 Per
946 1306 1009 1363 haec
1023 1326 1090 1365 con-

147 1377 213 1435 silia
227 1398 262 1438 eo
276 1379 399 1438 deducta
413 1390 456 1438 est
470 1400 525 1451 rea,
541 1390 573 1438 ut
594 1380 725 1438 tribunos
742 1382 867 1439 militum
881 1384 1027 1442 consulari
1044 1405 1091 1462 po

145 1466 248 1515 testate
263 1460 425 1533 promiscue
440 1479 476 1516 ex
490 1460 621 1537 patribus
643 1479 677 1517 ac
692 1460 775 1537 plebe
789 1463 885 1518 creari
904 1463 1041 1533 sinerent,
1056 1457 1091 1521 de

146 1537 316 1595 consulibus
336 1538 470 1596 creandis
490 1538 562 1596 nihil
583 1549 762 1597 mutaretur:
784 1559 876 1616 eoque
897 1543 1022 1600 contenti
1042 1544 1141 1601 tri-15

146 1615 226 1685 bani,
242 1626 376 1675 contenta
396 1618 478 1694 plebs
499 1617 562 1675 suit.
605 1619 729 1677 Comitia
742 1620 866 1677 tribunis
880 1622 1025 1678 consulari
1045 1641 1091 1698 po

146 1704 248 1753 testate
260 1696 352 1754 tribus
366 1697 499 1755 creandis
512 1698 690 1756 indicuntur.
722 1697 839 1764 Quibus
849 1699 973 1771 indictis,
985 1713 1091 1759 extem-

146 1773 202 1852 plo,
217 1776 396 1852 quicumque
411 1776 520 1853 aliquid
535 1777 667 1836 seditiose
682 1777 793 1850 dixerat
807 1788 857 1836 aut
869 1777 987 1851 fecerat,
1002 1800 1090 1857 quam

146 1854 273 1912 maxime
288 1856 444 1926 tribunicii,
456 1865 484 1913 et
498 1875 635 1933 prensare
649 1858 788 1928 homines,
803 1867 832 1915 et
845 1877 1020 1917 concursare
1035 1871 1091 1920 toto

146 1932 208 1991 foro
223 1934 369 1992 candidati
390 1954 516 2011 coepere,
532 1945 564 1993 ut
584 1935 719 2013 patricios
732 1936 892 2011 desperatio
911 1940 1012 2014 primo,
1026 1940 1090 1997 irri-
1101 1944 1140 1998 20

145 2021 206 2070 tata
220 2012 314 2089 plebe,
330 2014 477 2091 apiscendi
491 2015 614 2086 honoris,
630 2015 733 2073 deinde
746 2015 913 2093 indignatio,
924 2018 948 2074 si
964 2036 1032 2075 cum
1046 2020 1091 2077 his

145 2091 292 2169 gerendus
306 2103 381 2151 esset
395 2094 492 2163 honos,
504 2092 678 2153 deterreret:
700 2103 842 2172 postremo
856 2097 948 2153 coacti
962 2105 1060 2155 tamen
1074 2119 1092 2157 a

146 2172 321 2247 primoribus
332 2173 449 2248 petiere,
461 2191 497 2230 ne
509 2174 630 2231 cessisse
644 2173 821 2251 possessione
835 2174 1003 2253 reipublic&
1013 2177 1090 2235 vide-

146 2260 258 2308 rentur.
300 2250 433 2309 Eventus
447 2271 546 2310 eorum
567 2254 749 2311 comitiorum
769 2253 875 2324 docuit,
891 2254 962 2313 alios
981 2257 1091 2315 animos

146 2329 176 2385 in
190 2331 372 2388 contentione
386 2330 526 2389 libertatis
546 2332 760 2409 dignitatisque,
776 2333 856 2403 alios,
868 2334 1028 2392 secundum
1043 2336 1090 2395 de·
1101 2340 1141 2395 25

73 2422 77 2429 ’
146 2409 238 2485 posita
259 2410 426 2481 certamina,
446 2411 613 2488 incorrupto
630 2412 741 2488 judicio
761 2431 842 2469 esse:
864 2413 994 2471 tribunos
1014 2416 1091 2475 enim

146 2506 247 2545 omnes
261 2490 395 2563 patricios
416 2491 526 2547 creavit
546 2491 678 2567 populus,
694 2499 845 2548 contentus
865 2511 908 2561 eo,
923 2492 998 2566 quod
1019 2497 1092 2553 ratio

147 2566 245 2624 habita
258 2567 437 2643 plebeiorum
451 2578 537 2626 esset.
578 2568 666 2626 Hanc
686 2569 855 2626 modestiam
869 2570 1092 2647 aequitatemque

146 2656 176 2704 at
189 2645 371 2705 altitudinem
392 2648 481 2705 animi
495 2647 545 2706 ubi
560 2666 640 2705 nunc
654 2648 684 2704 in
705 2666 764 2705 uno
780 2646 935 2716 inveneris,
949 2666 1017 2724 quaa
1029 2659 1092 2708 tum

147 2726 245 2803 populi
259 2727 388 2786 universi
403 2726 474 2787 fuit!
1103 2731 1140 2788 8⁰

687 2800 700 2830 4
