2717 4292
190 268 231 346 20
613 279 673 321 1111
694 279 769 321 mvn

241 411 369 492 populos,
397 411 583 490 significaret.
639 409 691 468 Bis
717 408 820 467 deinde
842 418 905 486 post
927 408 1036 467 Numae
1062 427 1192 486 regnum

242 495 361 551 olausus
376 491 437 562 fuit,
458 491 547 548 semel
569 490 607 548 T.
624 488 733 546 Manlio
747 489 874 559 consule,
890 499 952 565 post
972 488 1118 546 Punicum
1133 489 1191 565 pri.

242 591 322 629 mum
338 569 498 648 perfectum
514 570 632 637 bellum,
652 569 767 639 iterum,
782 567 856 645 quod
872 577 976 625 nostrae
990 569 1066 624 aetati
1081 568 1122 624 dii
1142 568 1191 625 de-

243 649 347 708 derunt
361 660 392 707 ut
406 649 579 718 videremus,
590 657 652 725 post
666 647 774 705 bellum
789 648 956 716 Actiacum,
966 648 1003 704 ab
1016 648 1191 723 imperatore

215 729 358 790 50133313
373 730 517 805 Auguste,
540 747 611 804 paee
633 738 711 784 terra
731 728 863 802 marique
885 737 975 802 parta,
1017 725 1126 783 Clauso
1147 745 1192 798 3ο,

244 829 313 866 oum
340 809 468 865 omnium
493 808 573 864 circa
597 807 784 864 finitimorum
807 807 941 863 societate
967 823 1002 862 ao
1031 804 1192 863 foederibus

242 887 385 963 junxisset
400 888 518 956 animos,
533 886 632 962 positis
646 896 830 942 externorum
847 884 1043 960 periculorum
1059 885 1140 942 curis
1154 903 1193 942 ne

245 967 426 1023 luxuriarent
446 967 502 1023 otio
517 965 614 1033 animi,
636 984 709 1040 quos
722 975 816 1021 metus
834 965 958 1020 hostium
979 963 1193 1040 disciplinaque

245 1045 378 1102 militaris
392 1046 580 1114 continuerat,
596 1045 723 1101 omnium
743 1043 878 1120 primum,
894 1061 956 1099 rem
977 1043 1013 1099 ad
1032 1042 1193 1099 multitudi.

198 1125 235 1179 10
245 1143 312 1181 nem
326 1125 497 1200 imperitam,
513 1132 541 1180 et
559 1123 617 1179 11113
631 1123 747 1180 sarculis
761 1122 872 1191 rudem,
887 1121 1129 1191 efficacissimam,
1144 1121 1193 1178 de·

245 1221 328 1260 orum
343 1212 451 1260 metum
464 1201 654 1278 injiciendum
668 1211 749 1259 ratus
763 1210 816 1258 est.
857 1200 918 1266 Qui
933 1219 1002 1258 cum
1015 1200 1194 1258 descendere

246 1281 282 1338 ad
302 1282 412 1338 animos
432 1281 494 1338 3133
509 1280 605 1355 aliquo
626 1291 787 1337 commento
803 1279 939 1337 miraculi
959 1298 1016 1337 non
1037 1289 1141 1355 posset,
1156 1280 1194 1336 31-

246 1361 338 1417 mulat
361 1361 415 1417 sibi
440 1378 508 1417 curn
522 1359 576 1416 dea
600 1359 711 1436 Egeria
734 1377 906 1438 congressus
930 1374 1087 1416 nocturnos
1110 1378 1194 1416 esse:

246 1440 310 1516 ejus
331 1459 361 1496 se
376 1439 494 1509 monitu,
516 1457 581 1515 quae
596 1439 798 1515 acceptissima
819 1438 874 1496 diis
887 1448 992 1507 essent,
1007 1457 1093 1495 sacra
1113 1437 1195 1495 insti·

200 1521 236 1578 15
246 1527 348 1591 tuere3
371 1519 533 1576 sacerdotes
548 1537 615 1575 suos
629 1519 736 1594 cuique
751 1518 871 1575 deorum
891 1517 1050 1592 praefioere.
1093 1517 1196 1593 Atque

246 1599 375 1655 omnium
399 1599 534 1674 primum,
558 1597 594 1654 ad
618 1615 723 1654 cursus
747 1596 834 1666 lunae,
855 1597 884 1653 in
906 1595 1058 1653 duodecim
1079 1600 1196 1653 menses

247 1676 383 1734 describit
397 1695 523 1732 annum:
545 1694 641 1750 quern,
656 1677 726 1751 quia
737 1676 861 1732 tricenos
875 1675 937 1732 dies
950 1675 1075 1752 singulis
1089 1676 1195 1732 mensi-

248 1755 302 1811 bus
323 1755 393 1811 1333
413 1773 470 1812 333
489 1754 593 1828 explet,
609 1753 770 1829 desuntque
784 1753 845 1811 dies
862 1754 952 1811 solido
967 1772 1052 1823 anno,
1067 1755 1118 1830 qui
1139 1754 1196 1811 sol-

248 1833 347 1890 stitiali
369 1834 580 1909 circumagitur
600 1834 677 1902 orbe,
697 1834 885 1891 intercalares
899 1832 1047 1890 mensibus
1071 1833 1196 1909 interpo

199 1912 341 1970 acuendo
355 1913 395 1969 ita
409 1912 592 1988 dispensavit,
611 1921 642 1968 ut
656 1913 794 1969 vicesimo
810 1931 885 1968 anno
899 1912 935 1968 ad
950 1917 1057 1969 11131313
1071 1913 1198 1970 eandem

248 1993 325 2062 33113,
337 1991 413 2048 unde
427 1993 485 2049 orsi
499 2001 603 2062 essent,
615 1991 708 2067 plenis
721 1991 850 2048 omnium
865 2009 1006 2047 annorum
1020 1992 1120 2065 spatiis
1134 1991 1198 2050 dies

248 2080 451 2148 congruerent.
503 2069 583 2128 Idem
607 2069 732 2127 nefastos
760 2069 822 2126 dies
849 2068 993 2146 fastosque
1022 2068 1099 2141 fecit,
1125 2071 1199 2146 quia

249 2149 403 2225 aliquando
416 2149 487 2206 nihil
509 2168 577 2206 oum
591 2150 696 2226 populo
711 2149 759 2226 agi
780 2149 850 2206 utile
865 2147 996 2205 futurum
1010 2159 1082 2206 erat.
1126 2149 1196 2207 XX.

250 2227 328 2285 Tum
351 2228 547 2286 sacerdotibus
568 2227 702 2285 creandis
723 2229 852 2284 animum
877 2228 991 2303 adjecit,
1016 2247 1198 2304 quamquam

197 2305 239 2364 '25
249 2307 309 2382 ipse
324 2306 449 2383 plurima
463 2325 547 2364 sacra
561 2307 665 2374 obibat,
675 2327 711 2364 33
719 2307 845 2364 maxime
854 2326 920 2382 quae
933 2325 1012 2364 nunc
1028 2307 1063 2364 ad
1078 2307 1198 2365 Dialem

250 2387 395 2443 flaminem
411 2387 562 2462 pertinent.
603 2385 670 2454 Sed,
686 2387 755 2460 quia
768 2385 798 2441 13
813 2387 929 2442 31111313
944 2386 1082 2443 bellicosa
1096 2387 1198 2464 plures

250 2465 368 2522 Romuli
383 2484 470 2541 quam
485 2464 514 2522 N
518 2483 593 2521 umae
607 2464 717 2521 similes
732 2484 815 2541 reges
829 2465 947 2541 putabet
961 2463 1031 2536 fore,
1046 2466 1197 2542 iturosque

249 2545 324 2620 ipsos
339 2543 373 2600 ad
391 2545 477 2614 bella,
492 2563 529 2601 ne
544 2562 628 2602 33313
642 2545 731 2620 regiae
742 2544 814 2601 vicis
825 2543 1035 2614 desererentur,
1048 2545 1199 2602 flaminem

249 2622 314 2682 Jovi
335 2623 484 2681 assiduum
505 2623 683 2681 sacerdotem
697 2625 816 2692 3133111,
839 2623 1003 2699 insignique
1025 2643 1094 2680 eum
1116 2633 1197 2682 veste

202 2705 240 2759 ³0
250 2712 277 2760 31
290 2704 388 2761 curuli
402 2705 482 2780 regia
496 2702 566 2760 sella
583 2702 749 2760 adornavit:
770 2702 839 2758 huic
849 2700 920 2758 duos
932 2703 1066 2762 flamines
1080 2702 1197 2778 adjecit,

251 2781 338 2839 Marti
352 2801 452 2851 uuum,
469 2781 592 2838 alterum
612 2780 746 2844 Quirino.
788 2780 983 2857 Virginesque
997 2780 1097 2838 Vestae
1114 2781 1196 2859 legit,

251 2860 331 2916 Alba
358 2859 512 2916 oriundum
540 2859 741 2928 sacerdotium,
773 2868 802 2916 et
827 2860 907 2936 genti
935 2859 1090 2919 conditoris
1116 2861 1197 2918 haud

251 2938 395 2995 alienum:
410 2938 454 3008 iis,
465 2947 497 2995 ut
511 2937 633 2996 assiduae
644 2939 742 3013 templi
757 2939 897 2996 antistites
906 2949 1010 3010 essent,
1021 2939 1197 3017 stipendium

251 3016 286 3074 de
305 3017 421 3094 publico
442 3018 548 3087 statuit,
566 3018 730 3095 virginitate
751 3017 874 3093 aliisque
889 3019 1062 3076 caerimoniis
1076 3037 1197 3076 venera.

204 3099 242 3154 ³5
251 3096 323 3152 biles
338 3115 373 3154 33
387 3105 502 3154 3333133
524 3095 601 3153 fecit.
644 3096 738 3154 Salios
757 3097 826 3154 11313
841 3096 992 3154 duodecim
1013 3097 1102 3154 Marti
1122 3098 1197 3156 Gra·

251 3174 317 3233 divo
330 3174 400 3252 legit
410 3194 419 3247 3
435 3176 605 3250 'tunicaeque
616 3176 699 3251 pictae
711 3176 823 3253 insigne
832 3175 917 3244 dedit,
929 3185 957 3233 31
968 3195 1056 3253 super
1066 3176 1198 3254 tunicam

252 3272 365 3310 aeneum
389 3255 497 3330 pectori
518 3256 662 3331 tegimen;
686 3256 870 3330 caelestiaque
891 3254 982 3325 arma,
1001 3275 1069 3331 quae
1089 3257 1198 3315 ancilia

252 3333 442 3409 appellantur,
455 3332 530 3390 serre
545 3353 580 3390 ac
594 3349 646 3410 per
657 3334 758 3391 urbem
773 3335 815 3390 113
830 3345 967 3391 canentes
981 3335 1113 3392 carmina
1127 3354 1198 3392 cum

250 3413 382 3488 tripudiis
406 3413 595 3488 sollemnique
623 3413 728 3469 saltatu
753 3411 849 3487 jussit.
900 3412 1068 3470 Pontificem
1093 3414 1198 3472 deinde

205 3494 242 3548 to
252 3490 381 3564 Numam
403 3491 557 3560 Marcium,
580 3491 674 3548 Μ3131
696 3492 798 3561 filium,
813 3510 850 3548 ex
871 3492 1000 3566 patribus
1017 3494 1096 3569 legit,
1111 3495 1198 3568 eique

251 3588 335 3626 sacra
350 3570 446 3627 omnia
460 3571 604 3645 exscripta
618 3571 826 3645 exsignataque
848 3572 995 3643 attribuit3
1022 3573 1128 3646 quibus
1148 3573 1197 3629 ho-

252 3647 322 3714 stiis,
338 3648 443 3722 quibus
464 3648 573 3717 diebus,
590 3649 626 3705 ad
645 3667 711 3724 quae
724 3649 840 3724 templa,
863 3668 949 3706 sacra
973 3651 1085 3720 fierent,
1111 3661 1198 3727 atque

252 3724 328 3780 unde
343 3726 435 3781 ineos
449 3736 580 3801 sumptus
601 3727 726 3803 pecunia
739 3737 917 3802 erogaretur.
960 3727 1065 3786 Cetera
1082 3749 1199 3807 quoque

251 3803 348 3861 3111313
361 3803 478 3880 publica
492 3805 660 3880 privataque
674 3823 760 3862 33313
773 3806 914 3880 pontificis
924 3807 1005 3865 scitis
1018 3809 1151 3888 subjecit,
1162 3815 1199 3870 ut
