2717 4292
411 257 498 300 amaa
512 258 544 299 v.
585 258 910 314 csr.xxxvr11,mrx.
1114 249 1152 309 85

161 392 183 453 J
183 411 230 451 am
241 386 340 447 om'nia
355 398 455 448 contra
468 391 606 466 circaque
620 390 745 449 hostium
756 392 841 468 plena
851 402 942 463 eraut,
954 403 983 452 et
996 404 1064 453 nata
1077 395 1109 452 iu

162 490 250 529 vanos
272 470 415 527 tumultus
437 488 518 546 gens,
540 471 616 527 truci
638 482 727 528 cautu
751 472 983 549 clamoribusque
1008 475 1106 545 variis,

162 550 305 608 horrendo
326 559 433 606 cuncta
455 550 668 625 compleverant
681 569 760 607 sono.
803 551 971 611 XXXVIII.
994 551 1037 610 Ibi
1057 554 1106 611 tri-

162 628 232 685 buni
246 627 383 697 militum,
397 646 454 685 non
469 627 531 685 loco
553 624 655 686 castr'is
665 637 667 645 ’
676 639 742 687 ante
756 641 849 707 capto,
863 649 920 688 non
936 633 1107 708 praemunito

163 708 239 765 vallo
253 726 312 783 quo
333 717 467 785 receptus
488 716 571 778 esset,
587 727 643 766 non
664 708 785 767 deorum
799 710 967 768 saltem-si
987 730 1043 769 non
1057 713 1137 770 hac

161 788 467 856 minum-memores,
493 806 549 844 nec
578 788 736 864 auspicato,
762 807 816 846 nec
844 788 933 859 litato,
961 792 1108 849 instruunt

162 867 257 924 aciem
278 866 424 923 diductam
446 866 477 922 in
497 884 616 937 cornua,
637 886 674 925 ne
696 868 904 928 circumveniri
924 869 1107 928 multitudine
1210 869 1222 886 ⁸

160 944 288 1003 hostium
310 955 433 1020 possent.
484 943 552 1002 Nec
576 954 672 1003 tamen
698 948 809 1022 aequari
833 945 942 1005 frontes
965 958 1107 1025 poterant,

87 1075 91 1081 .
116 1082 119 1087 ,
161 1042 233 1081 cum
257 1024 438 1081 extenuando
465 1024 611 1081 infirmam
634 1034 662 1082 et
686 1026 736 1083 vix
763 1026 955 1085 cohaerentem
983 1027 1107 1086 mediam

161 1104 258 1160 aciem
271 1103 420 1160 haberent.
463 1102 588 1160 Paulum
602 1113 666 1161 erat
680 1104 716 1161 ab
730 1104 849 1163 dextera
858 1106 927 1164 editi
941 1106 1007 1177 loci,
1019 1126 1106 1183 quem
1119 1106 1156 1163 1⁰

160 1181 341 1240 subsidiariis
361 1181 467 1257 repleri
488 1181 607 1259 placuit,
622 1202 715 1259 eaque
733 1202 788 1255 res,
803 1194 835 1242 ut
855 1186 970 1243 initium
992 1188 1107 1262 pavoris

161 1280 198 1319 ac
219 1260 305 1337 fugae,
321 1261 364 1318 sic
386 1279 444 1318 una
464 1262 544 1318 salus
565 1260 743 1339 fugientibus
763 1263 827 1320 fuit.
869 1264 948 1322 Nam
962 1265 1106 1337 Brennus,

160 1340 283 1417 regulus
305 1340 467 1409 Gallorum,
492 1341 522 1397 in
547 1341 693 1416 paucitate
717 1341 841 1399 hostium
866 1353 958 1401 artem
980 1346 1106 1402 maxime

161 1420 276 1489 timeus,
289 1429 369 1476 ratus
384 1418 418 1475 ad
433 1418 461 1475 id
476 1430 594 1495 captum
605 1419 783 1495 superiorem
794 1420 900 1491 locum,
912 1432 953 1491 ut,
966 1422 1015 1478 ubi
1027 1422 1107 1480 Galli

160 1517 230 1555 cum
253 1498 316 1554 acie
337 1498 483 1575 legionum
498 1508 579 1555 recta
594 1496 687 1555 fronte
704 1500 965 1569 concucurrissent,
979 1500 1108 1559 subsidia
1120 1504 1155 1558 1⁵

160 1577 192 1634 in
208 1595 324 1634 aversos
342 1586 577 1653 transversosque
592 1578 731 1653 impetum
746 1577 856 1647 darent,
872 1578 908 1635 ad
922 1579 1108 1638 subsidiarios

161 1656 247 1731 signa
260 1656 408 1726 convertit,
423 1656 448 1713 si
463 1676 511 1714 eos
525 1656 588 1714 loco
602 1656 765 1733 depulisset,
780 1657 858 1714 haud
872 1656 977 1715 dubius
991 1658 1108 1717 sacilem

161 1735 193 1791 in
220 1753 302 1810 aequo
327 1736 421 1811 campi
445 1745 557 1792 tantum
582 1736 730 1812 superanti
755 1736 931 1793 multitudini
956 1738 1107 1796 victoriam

163 1812 234 1870 fore.
277 1814 360 1871 Adeo
380 1833 437 1871 non
459 1812 574 1872 fortuna
594 1814 685 1885 modo,
700 1815 750 1872 sed
772 1816 844 1872 ratio
858 1816 945 1876 et'utm
959 1836 1028 1875 cum
1042 1818 1105 1875 bar-

162 1891 241 1949 baris
261 1894 363 1950 stabat.
406 1892 439 1950 In
464 1893 556 1950 altera
580 1894 642 1951 acie
667 1894 858 1952 nihilsimile
883 1895 1030 1966 Romanis,
1049 1899 1156 1955 uon20

162 1971 240 2047 apud
254 1971 352 2041 duces,
368 1991 424 2029 non
440 1966 514 2047 apud
536 1973 651 2042 milites,
666 1983 746 2030 erat:
768 1992 857 2049 pavor
872 1972 999 2051 fugaque
1019 1995 1105 2033 occu-

162 2060 284 2127 paverat
305 2052 415 2107 animos
429 2060 457 2108 et
477 2060 557 2109 tanta
577 2053 706 2109 omnium
727 2052 841 2121 oblivio,
857 2062 888 2109 ut
909 2054 1000 2111 multo
1015 2054 1107 2131 major

162 2148 232 2206 pars
246 2128 335 2187 Veios
348 2130 378 2186 in
392 2130 517 2187 hostium
538 2131 648 2200 urbem,
664 2150 732 2188 cum
747 2130 863 2189 Tiberis
884 2143 1006 2203 arceret,
1017 2153 1106 2209 quam

163 2218 243 2265 recto
266 2209 369 2265 itinere
393 2208 515 2265 Romam
544 2209 580 2266 ad
608 2211 747 2288 conjuges
772 2230 806 2268 ac
830 2211 936 2269 liberos
961 2210 1103 2289 fugerent.

162 2286 324 2364 Parumper
344 2288 529 2345 subsidiarios
549 2297 658 2346 tutatus
679 2300 722 2347 est
742 2289 840 2347 locus:
861 2290 892 2347 in
913 2291 1027 2367 reliqua
1040 2294 1154 2351 acie25

162 2366 250 2423 simul
276 2376 319 2424 est
342 2367 461 2436 clamor,
483 2368 619 2443 proximis
642 2369 678 2425 ab
701 2369 800 2439 latere,
824 2368 933 2427 ultimis
955 2371 992 2427 ab
1015 2381 1104 2449 tergo,

163 2445 288 2515 auditus,
303 2446 432 2523 ignotum
453 2446 563 2505 host'em
588 2448 668 2523 prius
688 2467 769 2523 paene
790 2467 878 2523 quam
893 2448 1031 2518 viderent,
1048 2469 1106 2507 non

161 2524 245 2581 modo
260 2543 316 2581 non
330 2534 437 2582 tentato
459 2526 625 2595 certamine,
641 2526 691 2582 sed
712 2544 748 2581 ne
769 2526 896 2581 clamore
910 2526 1027 2600 quidem
1042 2528 1105 2584 red-

160 2602 231 2673 dito,
241 2604 347 2679 integri
362 2604 517 2680 intactique
532 2603 679 2681 fugerunt.
722 2604 788 2661 Nec
800 2604 861 2659 ulla
871 2603 965 2659 caedes
976 2623 1105 2679 pugnan.

160 2682 236 2739 tium
251 2680 322 2739 fuit:
344 2692 426 2760 terga
440 2702 516 2740 caesa
529 2694 641 2741 suomet
655 2684 782 2759 ipsorum
804 2682 962 2738 certamiue
976 2682 1006 2738 in
1020 2684 1106 2741 turba
1116 2685 1154 2738 30

161 2760 380 2837 impedientium
406 2761 515 2839 fugam.
557 2761 645 2820 Circa
667 2762 761 2839 ripam
785 2760 909 2831 Tiberis,
933 2780 990 2837 quo
1018 2764 1106 2821 armis

162 2839 283 2916 abjectis
310 2849 400 2898 totum
428 2840 575 2898 sinistrum
599 2860 691 2899 cornu
719 2840 838 2917 defugit,
861 2860 967 2918 magna
993 2852 1106 2919 strages

162 2916 240 2976 facta
261 2929 313 2989 est,
330 2919 491 2996 multosque
510 2921 655 2997 imperitos
669 2921 758 2978 nandi
772 2930 822 2979 aut
836 2920 985 2991 invalidos,
1000 2940 1106 2999 graves

161 2996 260 3056 loricis
288 2999 408 3074 aliisquo
434 2999 618 3076 tegminibus,
642 3000 765 3059 hausere
793 3002 932 3078 gurgites,
974 3000 1106 3059 Maxima

161 3084 259 3134 tamen
281 3096 348 3153 pars
375 3076 529 3136 incolumis
552 3079 642 3136 Veios
665 3079 809 3157 perfugit3
843 3080 919 3137 unde
944 3099 1000 3137 non
1024 3081 1106 3139 modo
1116 3084 1154 3138 35

162 3155 287 3233 praesidii
300 3156 467 3233 quidquam,
476 3157 532 3217 ,sed
547 3176 583 3215 ne
597 3160 716 3217 nuntius
730 3159 847 3236 quidem
867 3158 967 3228 cladis,
983 3160 1106 3218 Romam

162 3244 205 3293 est
218 3236 335 3293 missus.
378 3236 427 3293 Ab
448 3238 547 3294 dextro
569 3256 668 3308 cornu,
686 3239 762 3314 quod
783 3238 883 3314 procul
906 3257 923 3294 a
943 3237 1062 3295 flumine
1078 3248 1107 3296 et

155 3314 255 3391 magis
278 3314 332 3371 sub
355 3324 449 3373 monte
472 3324 598 3387 steterat,
620 3316 744 3374 Romam
764 3336 863 3374 omnes
883 3316 1001 3392 petiere,
1016 3325 1053 3386 et,
1068 3335 1105 3373 ne

163 3392 271 3450 clausis
309 3393 427 3470 quidem
461 3396 550 3471 portis
584 3397 672 3465 urbis,
702 3398 732 3453 in
767 3413 865 3452 arcem
899 3393 1104 3470 confugerunt.

162 3470 303 3530 XXXIX.
327 3472 429 3531 Gallos
449 3493 563 3550 quoque
592 3476 672 3533 velut
696 3473 906 3551 obstupefactos
931 3473 1105 3529 miraculum
1117 3479 1154 3532 4⁰

163 3552 291 3608 victoriae
312 3562 371 3609 tam
387 3555 544 3629 repentinae
557 3554 658 3612 tenuit.
701 3554 740 3611 Et
757 3553 811 3630 ipsi
825 3570 930 3628 pavore
947 3551 1034 3619 defixi
1049 3553 1104 3627 pri-

163 3646 243 3687 mum
257 3641 407 3702 steterunt,
422 3631 503 3691 velut
523 3634 627 3710 ignari,
642 3633 711 3708 quid
727 3630 877 3689 accidisset
887 3630 900 3687 τ’
916 3630 1017 3688 deiude
1038 3632 1105 3689 insi-

164 3705 225 3766 dias
244 3710 342 3768 vereri
352 3729 361 3782 3
385 3716 526 3789 postremo
548 3731 690 3771 cesorum
709 3712 800 3787 spolia
821 3711 931 3789 legere,
947 3728 1105 3769 armorum.

164 3804 219 3863 que
233 3788 377 3861 cumulos,
392 3800 424 3849 ut
444 3809 506 3849 mos
525 3790 567 3849 eis
586 3800 639 3860 cst,
654 3809 837 3849 coacervare·
881 3788 960 3847 Turn
979 3788 1105 3864 demmn,
