2717 4292
459 308 549 350 nura
568 302 641 347 uu.
679 307 746 347 car.
760 306 803 362 xr,
817 306 870 349 xrr.
1101 291 1159 351 lta

166 439 244 531 rium
257 437 290 495 in
311 437 428 497 civitate
437 424 528 495 'esset
571 436 662 495 Menti
676 437 768 495 aedem
788 438 827 496 T.
843 438 989 504 Otacilius
1007 449 1113 518 prator

166 529 259 654 miili
282 596 327 656 Ita
345 598 433 655 rebus
456 596 561 652 divinis
584 598 715 671 peractis,
729 605 792 652 tum
812 597 848 654 de
868 597 944 655 bello
964 617 1054 675 reque
1073 598 1111 658 de

165 675 284 753 publica
306 676 428 733 dictator
447 675 554 745 retulit,
572 675 678 750 quibus
699 688 804 750 quotve
824 677 989 753 legionibus
1007 679 1110 737 victori

164 756 238 814 hosti
255 755 372 811 obviam
387 754 514 831 eundum
536 773 599 811 esse
620 766 716 829 patres
736 765 898 813 censerent.
940 755 1139 829 Decretum,5

164 844 197 891 ut
211 835 248 891 ab
263 833 318 891 Cn.
334 833 459 891 Servilio
472 832 590 891 consule
605 835 767 891 exercitum
787 835 950 909 acciperet:
970 836 1109 895 scriberet

164 924 307 990 praeterea
320 932 357 970 ex
372 913 485 970 civibus
505 913 656 988 sociisque,
671 923 813 988 quantum
826 914 958 989 equitum
977 934 1012 973 ac
1031 916 1108 991 pedi-

164 1002 226 1050 turn
241 992 406 1049 videretur:
428 1001 526 1049 cetera
546 992 642 1047 omnia
663 1000 763 1067 ageret
783 991 959 1068 faceretque,
975 1003 1007 1051 ut
1026 1014 1043 1051 e
1065 1012 1108 1051 re-

164 1071 284 1147 publica
298 1070 428 1129 duceret.
471 1069 581 1127 Fabius
594 1069 670 1139 duas
682 1071 811 1148 legiones
829 1090 861 1129 se
875 1072 1058 1148 adjecturum
1072 1073 1109 1129 ad

163 1150 363 1207 Servilianum
380 1150 541 1207 exereitum
556 1149 645 1206 dixit:
666 1150 712 1219 iis,
728 1168 780 1225 per
792 1151 964 1227 magistrum
977 1153 1108 1228 equitum
1121 1158 1155 1213 rt

163 1229 288 1305 scriptis,
309 1228 404 1287 Tibur
422 1228 497 1285 diem
521 1227 557 1285 ad
577 1228 807 1287 conveniendum
827 1230 933 1288 edixit:
957 1230 1108 1307 edictoque

164 1309 307 1385 proposito
327 1318 368 1378 ut,
382 1308 488 1385 quibus
509 1306 613 1384 oppida
631 1308 809 1383 castellaque
830 1309 981 1367 immunita
1003 1320 1107 1381 essent,

164 1388 206 1444 uti
220 1387 446 1465 commigrarent
465 1388 495 1444 in
510 1387 575 1444 loca
595 1396 673 1444 tuta:
696 1405 733 1443 ex
747 1388 825 1463 agris
838 1406 952 1463 quoque
966 1388 1107 1464 demigra

164 1476 229 1523 rent
242 1467 336 1524 omnis
351 1467 475 1544 regionis
488 1466 561 1544 ejus,
576 1484 636 1540 qua
653 1465 749 1522 iturus
765 1464 912 1523 Hannibal
926 1476 1010 1535 esset,
1025 1468 1109 1524 tectis

162 1546 244 1622 prius
264 1546 392 1615 incensis
416 1564 451 1603 ac
473 1545 607 1622 frugibus
628 1545 781 1620 corruptis,
799 1563 835 1601 ne
855 1546 942 1621 cujus
962 1546 1005 1602 rei
1026 1547 1108 1621 copia
1120 1554 1156 1609 15

162 1637 249 1682 esset.
293 1624 366 1702 Ipse,
381 1626 429 1681 via
443 1624 591 1682 Flaminia
611 1622 758 1699 profectus
771 1623 885 1680 obviarn
899 1624 1012 1682 consuli
1026 1643 1107 1681 exer-

162 1705 303 1780 cituique,
321 1724 390 1761 cum
415 1704 451 1761 ad
471 1703 601 1761 Tiberim
621 1703 702 1759 circa
720 1701 893 1760 Ocriculum
917 1704 1108 1779 prospexisset

163 1802 270 1860 agmen
282 1784 493 1859 consulemque
504 1800 571 1839 eum
586 1781 732 1857 equitibus
742 1781 779 1838 ad
792 1802 823 1839 se
838 1782 1035 1858 prodeuntem,
1047 1783 1107 1840 via·
1119 1792 1123 1801 ’

162 1873 255 1919 torem
276 1863 363 1932 misit,
378 1864 429 1939 qui
450 1862 562 1920 consuli
584 1862 740 1931 nuntiaret,
760 1872 792 1919 ut
814 1862 877 1919 sine
900 1861 1050 1919 lictoribus
1070 1862 1107 1920 ad

162 1941 334 2000 dictatorern
348 1943 470 1999 veniret.
512 1940 573 2006 Qui
586 1959 656 1998 cum
670 1940 747 1997 dicto
760 1941 911 2016 paruisset,
923 1959 1106 2018 congressus·
1117 1949 1156 2003 20

162 2039 219 2097 que
234 2039 336 2079 eorum
350 2022 497 2098 ingentem
511 2021 638 2096 speciem
652 2018 805 2076 dictaturae
818 2019 894 2096 apud
908 2020 988 2076 cives
1002 2021 1104 2077 socios·

161 2118 229 2176 que,
253 2110 396 2159 vetustate
417 2101 480 2176 jam
507 2118 593 2176 prope
618 2097 720 2155 oblitos
747 2098 811 2174 ejus
834 2099 956 2175 imperii,
980 2097 1105 2169 fecisset,

161 2179 267 2237 litterae
286 2181 323 2237 ab
344 2180 416 2237 urbe
437 2180 533 2236 allatae
552 2186 627 2246 sunt,
642 2196 733 2234 naves
745 2178 893 2235 onerarias
913 2187 1106 2235 commeatum

162 2258 200 2315 ab
221 2257 307 2317 Ostia
326 2261 357 2316 in
378 2258 551 2334 Hispaniam
572 2256 609 2313 ad
629 2258 791 2315 exercitum
813 2266 966 2333 portantes,
981 2276 999 2314 a
1012 2257 1106 2315 classe

162 2336 276 2395 Punica
290 2338 370 2395 circa
380 2347 493 2414 portum
504 2336 650 2394 Cosanum
660 2346 761 2412 captas
774 2355 848 2393 esse.
884 2335 985 2412 Itaque
999 2347 1105 2394 extem·
1116 2344 1155 2398 25

162 2417 210 2493 plo
230 2417 333 2475 consul
355 2416 468 2474 Ostiam
487 2416 629 2492 proficisci
648 2415 759 2491 jussus,
778 2415 969 2491 navibusque,
983 2435 1049 2491 quae
1069 2416 1106 2473 ad

162 2496 266 2553 urbem
290 2495 451 2553 Romamn
476 2505 527 2552 aut
550 2493 640 2551 Ostiae
662 2504 766 2563 essent,
788 2495 937 2570 completis
954 2494 1048 2550 milite
1070 2514 1106 2553 ac

160 2575 317 2632 navalibus
330 2576 425 2643 sociis,
440 2575 574 2651 persequi
593 2573 718 2629 hostium
731 2572 854 2628 classem
869 2591 904 2628 ac
918 2572 1002 2628 litora
1016 2571 1107 2629 Italiae

161 2654 261 2711 tutari.
297 2653 406 2731 Magna
416 2655 461 2711 vis
475 2654 623 2710 hominum
633 2652 796 2725 conscripta
807 2649 908 2706 Romae
922 2659 1001 2706 erat:
1021 2650 1105 2706 liber-

160 2734 214 2789 tini
229 2734 327 2804 etiam,
343 2733 448 2809 quibus
468 2733 553 2789 liberi
573 2740 669 2789 essent
689 2740 718 2787 et
731 2739 801 2787 aetas
815 2728 958 2798 militaris,
973 2729 1004 2784 in
1017 2729 1106 2785 verba
1117 2738 1156 2793 30

158 2812 348 2889 juraverant:
370 2831 406 2870 ex
420 2812 476 2874 hoc
494 2812 605 2870 urbano
620 2809 760 2878 exercitu,
774 2809 825 2885 qui
839 2808 965 2865 minores
978 2808 1106 2884 quinque

161 2900 190 2948 et
214 2892 334 2969 triginta
355 2892 439 2949 annis
461 2899 552 2960 erant,
573 2890 603 2947 in
627 2906 719 2946 naves
739 2888 883 2965 impositi,
906 2887 965 2959 alii,
986 2897 1017 2946 ut
1041 2889 1107 2945 urbi

160 2970 359 3046 praesiderent,
375 2971 479 3028 relicti.

203 3049 270 3107 XII.
293 3049 433 3119 Dictator,
445 3049 576 3107 exercitu
591 3046 719 3105 consulis
734 3043 852 3125 accep'to
867 3066 885 3104 a
900 3047 1006 3106 Fulvio
1020 3047 1106 3107 Flac·

161 3147 197 3186 co
211 3129 318 3205 legato,
333 3147 384 3206 per
406 3147 509 3205 agrum
530 3127 671 3184 Sabinum
693 3127 796 3197 Tibur,
812 3127 960 3203 quodiam
981 3127 1017 3184 ad
1039 3136 1155 3191 con-35

162 3207 339 3265 veniendum
360 3206 491 3265 edixerat
510 3207 592 3264 novis
612 3207 761 3275 militibus,
777 3207 865 3263 venit.
907 3205 978 3264 Inde
992 3206 1105 3264 Praene·
1152 3270 1156 3280 ,

161 3296 204 3344 ste
220 3306 255 3343 ac
270 3287 444 3345 transversis
459 3286 598 3343 limitibus
618 3285 648 3342 in
663 3287 742 3342 viam
756 3284 892 3342 Latinam
903 3294 946 3341 est
960 3303 1105 3361 egressus,

163 3365 249 3435 unde,
264 3366 417 3423 itineribus
439 3384 554 3423 summa
576 3384 644 3421 cum
666 3382 739 3421 cura
760 3363 923 3439 exploratis,
939 3362 975 3418 ad
996 3363 1105 3419 hostem

162 3444 252 3515 ducit,
262 3445 345 3504 nullo
359 3446 432 3515 loco,
448 3445 503 3501 nisi
518 3453 658 3521 quantum
672 3443 831 3500 necessitas
844 3450 969 3517 cogeret,
985 3439 1106 3498 fortunae

161 3542 194 3580 se
209 3525 428 3582 commissurus.
469 3523 537 3589 Quo
551 3523 676 3598 primum
698 3522 744 3578 die
758 3520 835 3577 haud
857 3519 957 3596 procul
973 3520 1062 3595 Arpis
1076 3522 1105 3576 in
1117 3525 1150 3585 41

162 3613 320 3678 conspectu
345 3602 470 3661 bostium
493 3604 586 3679 posuit
608 3612 714 3669 castra,
729 3600 812 3656 nulla
831 3617 912 3655 mora
934 3597 1019 3668 faeta,
1034 3600 1105 3675 quin

161 3681 272 3739 Poeuus
291 3682 429 3741 educeret
449 3684 479 3739 in
500 3682 595 3739 aciem
616 3680 789 3755 copiamque
810 3677 956 3754 pugnandi
978 3675 1104 3736 faceret:

162 3760 214 3819 sed
228 3762 279 3819 ubi
294 3763 393 3837 quieta
406 3762 503 3819 omnia
517 3758 593 3836 apud
607 3759 711 3827 hostes,
726 3776 782 3815 nee
796 3767 891 3814 castra
905 3756 966 3814 ullo
979 3756 1105 3815 tumultu

163 3851 239 3899 mota
257 3840 345 3911 videt,
360 3841 513 3917 increpans
533 3837 658 3915 quidem,
673 3837 764 3894 victos
777 3836 892 3894 tandem
905 3854 973 3895 suos
987 3834 1109 3897 Martios
