2717 4292
361 313 468 389 'amsa
488 284 561 355 xxii.
602 314 669 356 oar.
684 315 789 368 xxxin,
804 315 908 360 xxxiv.
1005 357 1024 396 χ
1080 309 1136 373 171

185 442 327 504 XXXIII.
350 443 407 501 Per
427 444 543 502 eosdem
566 445 628 503 dies
647 447 813 524 speculator
833 446 1090 526 Carthaginiensis,

138 525 195 601 qui
208 542 261 600 per
274 524 425 582 biennium
446 523 715 595 fefellerat,anae
734 526 930 603 deprehensus
950 529 1089 605 praecisis-

139 623 200 680 que
229 604 365 660 manibus
392 602 547 677 dimissus3
579 615 609 662 et
631 607 708 663 servi
729 607 857 682 quinque
882 617 910 666 et
934 609 1037 685 viginti
1058 611 1089 668 in

138 701 263 742 crucem
285 683 351 752 acti,
368 683 442 759 quod
464 683 494 740 in
515 702 617 760 campo
637 684 743 742 Martio
758 685 978 760 conjurassent:
1000 688 1088 748 indici

140 761 210 820 data
230 762 349 819 libertas
370 772 399 818 et
419 763 485 819 aeris
503 764 602 840 gravis
614 765 718 841 viginti
739 765 840 822 millia.
883 764 987 844 Legati
1002 777 1030 824 et
1051 767 1117 828 ado

141 840 309 918 Philippum
331 841 525 899 Macedonum
539 861 638 918 regem
652 844 733 900 missi
748 843 784 900 ad
799 843 1011 920 deposcendum
1030 845 1086 904 De-

140 922 280 980 metrium
301 921 448 990 Pharium,
464 922 524 997 qui,
539 921 615 980 bello
632 924 735 992 victus,
752 922 787 980 ad
808 942 876 980 eum
897 923 1017 1000 fugisset
1027 945 1036 997 3
1059 935 1088 984 et

139 1000 194 1058 alii
216 1001 246 1057 in
268 999 397 1077 Ligures
419 1000 455 1057 ad
477 1001 727 1077 expostulandum,
742 1001 818 1080 quod
840 1003 964 1060 Poenum
986 1005 1087 1080 opibus

139 1079 317 1156 auxiliisque
331 1080 393 1136 suis
409 1080 570 1156 juvissent,
592 1082 680 1140 simul
696 1082 732 1138 ad
754 1081 904 1140 visendum
919 1101 955 1140 ex
974 1084 1085 1160 propin-

139 1177 208 1236 quo,
217 1178 282 1234 quae
292 1159 323 1216 in
335 1159 413 1217 Boiis
423 1169 509 1237 atque
519 1158 690 1218 Insubribus
700 1171 881 1238 gererentur.
904 1161 953 1220 Ad
964 1162 1086 1222 Pineum
1099 1169 1135 1228 10

138 1257 256 1315 qunque
270 1257 371 1316 regern
385 1240 416 1296 in
426 1237 544 1315 Illyrios
557 1239 646 1316 legati
660 1241 741 1300 missi
756 1240 792 1298 ad
806 1241 1086 1318 stipendium-cujus

139 1317 203 1376 dies
216 1319 337 1389 exierat,
352 1319 528 1394 poscendum
549 1328 608 1390 aut,
623 1319 740 1378 sidiam
758 1319 886 1396 proferre
901 1321 998 1390 vellet,
1013 1323 1086 1380 obsi·

138 1396 192 1456 des
206 1397 401 1473 accipiendos.
442 1397 536 1468 Adeo,
551 1399 605 1456 etsi
626 1397 736 1457 bellum
756 1399 859 1476 iugens
877 1399 907 1456 in
922 1401 1087 1462 cervicibus

138 1485 211 1546 erat,
226 1477 339 1534 nullius
352 1495 477 1555 usquam
489 1487 636 1535 terrarum
656 1479 699 1536 rei
713 1496 787 1536 cura
807 1476 960 1548 Romanos,
974 1497 1012 1536 no
1026 1479 1085 1538 lon-

137 1557 251 1634 ginqua
271 1557 399 1632 quidem,
424 1557 591 1634 effugiebat.
633 1556 668 1615 ln
690 1557 860 1633 religionem
887 1556 974 1614 etiam
998 1558 1135 1630 venit,15

137 1634 232 1695 aedem
252 1634 430 1706 Concordiae,
444 1655 534 1712 quam
547 1654 600 1713 per
613 1636 781 1694 seditionem
802 1635 957 1694 militarem
972 1636 1087 1695 biennio

139 1724 206 1773 ante
221 1713 258 1773 L.
273 1714 405 1774 Manlius
425 1725 529 1792 praetor
549 1717 579 1788 ip
599 1715 699 1773 Gallia
719 1717 852 1786 vovisset,
867 1715 992 1773 locatam
1006 1715 1042 1774 ad
1056 1715 1086 1776 id

138 1803 254 1871 tempus
267 1814 325 1853 non
345 1815 420 1854 esse.
461 1794 563 1871 Itaque
577 1794 726 1853 duumviri
748 1795 783 1853 ad
805 1814 870 1852 eam
884 1814 947 1852 ram
961 1795 1052 1854 creati
1067 1815 1086 1854 a

137 1873 181 1931 Μ.
204 1875 325 1933 AEmilio
345 1884 466 1952 praetore
487 1875 577 1944 urbis,
590 1873 625 1932 C.
646 1874 756 1951 Pupius
777 1884 805 1933 et
824 1876 907 1933 Caeso
928 1873 1085 1942 Quinctius

138 1952 321 2024 Flaminius,
345 1954 437 2012 aedem
450 1955 481 2011 in
495 1973 564 2012 arce
579 1952 743 2012 faciendam
756 1954 936 2012 locaverunt.
1095 1961 1134 2018 2⁰
1204 2013 1209 2030 ,

179 2034 230 2092 Ab
243 2034 344 2092 eodem
365 2044 486 2110 praetore
500 2052 536 2091 ex
558 2043 675 2092 senatus
696 2031 827 2092 consulto
848 2033 952 2091 littorea
968 2031 1004 2090 ad
1018 2051 1084 2092 con·

137 2112 219 2170 sules
241 2114 346 2183 missae,
363 2123 403 2183 ut,
418 2114 444 2172 si
462 2113 498 2170 iis
516 2112 672 2183 videretur,
688 2112 761 2170 alter
782 2130 883 2169 eorum
897 2111 933 2169 ad
951 2112 1085 2172 consules

138 2192 281 2250 creandos
295 2193 420 2250 Romam
439 2193 569 2263 venirem
592 2211 623 2249 se
644 2192 755 2249 ineam
774 2191 861 2266 diem,
876 2210 964 2268 quam
982 2192 1083 2269 jussis-

137 2281 212 2342 sent,
227 2272 346 2330 comitia
359 2271 533 2329 edicturum.
575 2271 625 2329 Ad
639 2270 702 2328 haec
717 2271 885 2330 consulibus
901 2273 1083 2348 rescriptum,

138 2353 201 2412 sine
223 2351 395 2409 detrimento
416 2352 458 2409 rei
479 2350 604 2427 publiooe
624 2349 740 2409 abscedi
761 2369 818 2408 non
833 2370 914 2426 posse
935 2351 972 2408 ab
986 2353 1134 2416 hosterab
1229 2365 1231 2369 '

138 2431 237 2507 itaque
251 2449 305 2507 per
318 2431 494 2507 interregem
507 2431 624 2488 comitia
640 2430 774 2488 habenda
795 2449 858 2488 esse
879 2431 981 2507 potius,
996 2450 1085 2522 quam

138 2509 241 2570 consul
256 2511 332 2569 alter
352 2529 371 2566 a
391 2510 467 2568 bello
488 2518 669 2566 avocaretur.
712 2507 847 2566 Patribus
868 2509 976 2565 rectius
990 2527 1085 2568 visum

138 2599 190 2658 est,
215 2589 387 2648 dictatorem
413 2608 433 2647 a
455 2587 574 2647 consula
598 2587 657 2644 dici
679 2587 861 2644 comitiorum
889 2585 1086 2644 habendorum

138 2688 247 2728 causa:
269 2669 366 2728 dictus
385 2667 422 2727 L.
439 2667 581 2726 Veturius
599 2666 682 2724 Philo
697 2665 750 2723 M'.
766 2665 955 2741 Pomponium
975 2664 1084 2722 Matho·
1109 2675 1138 2744 q

138 2766 206 2806 nem
220 2749 396 2826 magistrum
411 2748 543 2824 equitum
556 2746 638 2804 dixit.
679 2744 721 2814 Iis
734 2745 803 2802 vitio
816 2744 921 2802 creatis
938 2743 1084 2820 jussisque
1096 2751 1135 2808 80

52 2897 58 2904 ι
139 2827 184 2886 die
198 2837 304 2904 quarto
325 2827 437 2885 decimo
451 2847 482 2884 se
497 2827 668 2903 magistratu
690 2823 834 2894 abdicare,
850 2842 897 2881 res
912 2823 947 2882 ad
966 2824 1085 2884 interra.

138 2925 231 2983 gnum
245 2906 340 2965 rediit.
383 2905 524 2964 XXXIV.
546 2905 720 2964 Consulibus
734 2912 918 2983 prorogatum
933 2905 962 2962 in
977 2923 1086 2963 annum

139 2986 307 3063 imperium.
349 2985 513 3063 interreges
527 2985 630 3061 proditi
639 2993 707 3042 sunt
718 3005 736 3042 a
747 2985 875 3061 patribus
889 2983 922 3042 C.
935 2983 1085 3056 Claudius,

139 3065 232 3142 Appii
255 3065 344 3136 filins,
366 3066 466 3135 Cento,
487 3065 553 3122 inde
578 3064 611 3123 P.
637 3064 790 3124 Cornelius
814 3065 918 3122 Asina.
961 3063 995 3123 In
1022 3065 1086 3142 ejus

140 3145 308 3223 interregno
330 3146 449 3204 comitia
474 3144 573 3202 habita
599 3163 705 3222 magno
729 3145 887 3204 certamine
912 3154 1026 3220 patrum
1050 3147 1135 3204 nobb

141 3222 244 3302 plebis.
294 3224 331 3283 C.
351 3223 491 3282 Terentio
509 3223 774 3300 Varroni-quem,
795 3224 841 3281 sui
862 3224 978 3299 generis
996 3224 1085 3280 homi-

141 3321 217 3372 nem,
233 3303 311 3380 plebi
331 3304 520 3363 insectatione
533 3303 698 3381 principum
719 3302 962 3381 popularibusque
978 3302 1088 3360 artibus

140 3383 340 3453 conciliatum,
356 3384 392 3442 ab
407 3383 446 3449 Q.
462 3383 547 3441 Fabii
560 3384 662 3459 opibus¹
676 3394 705 3442 et
723 3381 872 3440 dictatorio
886 3380 1006 3456 imperio
1020 3397 1086 3438 con-

140 3480 228 3521 cusso
245 3463 344 3520 aliena
357 3463 467 3523 invidia
484 3463 692 3539 splendentem,
706 3461 814 3537 vulgus
835 3468 864 3516 et
884 3460 1036 3517 extrahere
1051 3458 1088 3517 ad

138 3541 327 3600 consulatum
341 3543 625 3619 nitebatur-patres
637 3559 752 3599 summa
766 3558 818 3615 opo
833 3537 990 3607 obstabant,
1006 3558 1042 3596 ne
1057 3558 1088 3598 se
1098 3543 1136 3600 40

140 3620 311 3679 insectando
324 3621 380 3679 sibi
394 3623 505 3699 aequari
519 3629 720 3680 assuescerent
738 3618 878 3677 homines.
920 3617 959 3683 Q.
972 3617 1089 3678 Baebius

140 3697 314 3759 Herennius
335 3702 471 3760 tribunus
489 3702 590 3779 plebis,
612 3708 753 3777 cognatus
774 3696 809 3756 C.
833 3696 973 3768 Terentii,
993 3698 1089 3755 crimi-

141 3779 238 3839 nando
251 3799 311 3840 non
325 3790 461 3839 senatum
481 3781 573 3851 modo,
585 3781 635 3840 sed
656 3779 743 3838 etiam
759 3795 896 3856 augures,
912 3777 987 3854 quod
1002 3777 1090 3838 dieta·

141 3866 235 3921 torem
248 3860 464 3938 prohibuissent
477 3861 594 3922 comitia
607 3858 758 3938 perficere,
772 3875 824 3935 per
838 3855 978 3920 iuvidiam
990 3877 1092 3921 eorum
