2717 4292
212 275 252 339 90
631 290 690 331 τιτι
711 290 785 332 mvn

228 406 237 424 ⁰
262 421 336 482 secto
349 420 453 481 Africo
475 420 559 492 bello,
582 421 743 479 exercitum
759 440 794 478 eo
817 420 993 496 trajecimus
1011 419 1204 499 sacrificaret,

260 502 401 560 altaribus
415 501 570 571 admotum,
585 501 671 559 tactis
684 501 776 557 saeris
793 498 984 575 jurejurando
998 498 1146 569 adactum,
1161 520 1202 571 se,

260 600 328 639 cum
343 582 468 658 primum
483 589 584 656 posset,
600 580 710 637 bostem
726 577 785 636 fore
800 579 904 654 populo
918 578 1060 635 Romano.
1102 579 1202 655 Ange.

259 661 330 718 bant
349 659 473 737 ingentis
487 661 604 735 spiritus
618 659 715 716 virum
739 658 841 716 Sicilia
863 658 1056 733 Sardiniaque
1070 659 1202 716 amissae:

231 742 328 797 5nam
342 749 371 797 et
392 740 525 801 Siciliam
544 738 631 794 nimis
644 736 734 795 celeri
755 736 953 812 desperatione
973 756 1071 793 rerum
1086 756 1202 796 eonces-

259 838 332 889 sam,
342 828 370 876 et
379 817 544 876 Sardiniam
553 818 628 874 inter
637 826 747 873 motum
757 815 870 873 Airicae
878 814 981 874 fraude
993 815 1201 889 Romanorum,

260 898 399 974 stipendio
423 898 511 954 etiam
531 898 649 972 insuper
668 896 808 971 imposito,
834 896 1035 971 interceptam.
1077 894 1114 953 ll.
1147 896 1202 954 His

260 979 366 1034 anxius
386 977 464 1033 curis
485 977 526 1033 ita
544 995 576 1032 se
597 974 701 1032 Africo
723 974 807 1043 bello,
822 974 898 1049 quod
913 973 968 1032 fuit
981 974 1036 1031 sub
1055 986 1202 1033 recentem

261 1056 424 1114 Romanam
446 1073 557 1132 pacem,
579 1072 631 1131 per
650 1054 778 1129 quinque
792 1070 892 1123 annos,
917 1054 958 1109 ita
971 1052 1073 1110 deinde
1097 1073 1203 1111 novem

214 1137 248 1191 10
260 1136 342 1192 annis
362 1136 393 1192 in
413 1134 558 1211 Hispania
572 1131 703 1210 augendo
724 1131 834 1189 Punico
854 1132 974 1208 imperio
988 1133 1085 1209 gessit,
1106 1126 1139 1189 ut
1154 1150 1202 1208 ap-

258 1223 381 1289 pareret,
395 1214 488 1289 majus
501 1231 578 1282 eum,
594 1229 683 1288 quam
701 1210 778 1286 quod
817 1220 921 1280 areret,
936 1211 1047 1287 agitare
1061 1212 1091 1267 in
1106 1213 1203 1269 animo

258 1291 377 1361 bellum,
402 1300 439 1362 et,
464 1292 489 1348 si
514 1291 622 1348 diutius
646 1290 774 1359 vixisset,
833 1288 982 1347 amilcare
999 1289 1074 1347 duce
1097 1274 1204 1348 Poebos

259 1388 340 1428 arma
361 1371 453 1430 ltaliae
466 1370 596 1427 illaturos
611 1367 709 1438 fuisse,
731 1369 782 1445 qui
803 1367 979 1425 Hannibalis
992 1368 1083 1427 ductu
1097 1370 1201 1427 intule-

258 1459 336 1508 runt.
378 1448 458 1509 Mors
478 1448 656 1507 Hamilcaris
674 1457 885 1525 peropportuna
898 1456 926 1504 et
947 1448 1069 1524 pueritie
1089 1447 1202 1506 Hanni-

214 1530 247 1585 [5
258 1529 333 1587 balis
347 1529 519 1587 distulerunt
533 1528 654 1586 bellum.
691 1525 806 1584 Medius
819 1525 987 1583 Hasdrubal
1001 1527 1077 1583 inter
1089 1537 1204 1605 patrem

258 1629 293 1667 ae
308 1609 402 1666 filium
416 1618 479 1665 octo
493 1606 584 1665 ferme
599 1625 689 1663 annos
702 1606 855 1681 imperium
869 1605 999 1675 obtinuit,
1015 1606 1084 1663 flore
1099 1608 1203 1678 aetatis,

258 1688 300 1745 uti
323 1688 428 1756 ferunt,
454 1686 545 1761 primo
567 1683 731 1742 Hamilcari
756 1684 935 1754 conciliatus,
960 1702 1052 1761 gener
1074 1683 1141 1742 inde
1166 1688 1204 1743 ob

258 1766 345 1823 aliam
360 1764 484 1822 indolem
505 1763 631 1840 proiecto
646 1764 735 1820 animi
756 1764 873 1833 ascitus,
888 1772 925 1833 et,
940 1764 1010 1839 quia
1025 1783 1116 1840 gener
1129 1774 1202 1836 erat,

258 1844 390 1902 factionis
414 1842 548 1901 Barcinae
571 1843 682 1918 opibus,
708 1860 773 1917 quae
798 1841 874 1918 apud
897 1842 1003 1899 milites
1030 1842 1203 1919 plebemque

209 1924 246 1979 20
258 1923 323 1999 plus
343 1942 431 1999 quam
445 1922 565 1979 modicae
579 1930 669 1991 erant,
692 1920 770 1978 haud
783 1940 854 1978 sane
868 1923 1015 1979 voluntate
1036 1923 1203 1998 principum

256 2004 287 2061 in
308 2003 428 2080 imperio
451 2001 569 2078 positus.
612 1999 649 2068 Ia,
674 2000 760 2077 plura
781 2000 901 2057 consilio
922 2019 1011 2076 quam
1036 2002 1066 2057 vi
1086 2021 1202 2077 gerens,

257 2082 385 2158 hospitiis
406 2080 499 2157 magis
523 2079 691 2157 regulorum
711 2078 957 2155 conciliandisque
978 2098 1029 2155 per
1043 2081 1203 2138 amicitiam

258 2162 421 2237 principum
434 2160 516 2216 novis
530 2160 664 2235 gentibus
678 2177 767 2234 quam
787 2158 862 2217 bello
884 2167 934 2215 aut
951 2160 1039 2216 armis
1054 2178 1115 2216 rem
1128 2159 1201 2217 Car-

257 2239 467 2315 thaginiensem
488 2238 578 2295 auxit.
620 2237 758 2295 Ceterum
778 2237 868 2296 nihilo
888 2238 916 2293 ei
940 2256 997 2313 pax
1021 2239 1107 2295 tutior
1128 2237 1201 2297 fuit:

208 2320 246 2374 25
258 2318 398 2375 barbarus
421 2334 490 2373 eum
513 2315 631 2392 quidam
653 2316 751 2391 palam
772 2316 808 2373 ob
833 2317 907 2373 iram
934 2315 1079 2374 interfecti
1107 2318 1145 2374 ab
1166 2338 1202 2375 eo

257 2396 363 2453 domini
378 2396 553 2467 obtruncat3
585 2395 866 2471 comprehensusque
888 2396 925 2452 ab
944 2396 1201 2453 circumstantibus

256 2475 333 2533 haud
349 2475 414 2545 alio,
429 2493 517 2552 quam
532 2475 556 2531 si
577 2476 715 2531 evasisset
725 2474 821 2545 bultu,
836 2476 985 2532 tormentis
998 2494 1112 2551 quoque
1131 2494 1200 2532 cum

256 2553 445 2624 laceraretur,
467 2574 501 2611 eo
523 2552 576 2611 suit
592 2553 693 2611 habitu
712 2554 779 2624 oris,
802 2562 842 2623 ut,
864 2563 1017 2629 superante
1039 2553 1138 2611 laetitia
1152 2554 1199 2611 do-

256 2633 341 2705 lores,
364 2633 483 2691 ridentis
504 2633 591 2692 etiam
612 2633 739 2708 speciem
759 2633 923 2708 praebuerit.
964 2632 1041 2690 Cum
1055 2632 1109 2689 hoc
1124 2632 1200 2690 Has·

151 2710 153 2713 ’
207 2717 246 2772 30
256 2713 386 2783 drubale,
401 2714 470 2789 quia
484 2714 566 2769 mirae
585 2713 654 2769 artis
667 2712 699 2767 in
712 2711 899 2771 sollicitandis
919 2711 1054 2788 gentibus
1068 2712 1199 2788 imperio-

256 2810 313 2867 que
340 2811 392 2849 suo
417 2790 574 2868 jungendis
590 2789 705 2863 ¹fuerat,
734 2789 829 2848 soedus
856 2799 1046 2869 renovaverat
1076 2790 1201 2866 populus

257 2869 415 2939 Romanus,
431 2879 462 2926 ut
482 2869 548 2925 finis
573 2870 723 2944 utriusque
747 2869 861 2945 imperii
877 2878 952 2927 esset
974 2870 1068 2926 amnis
1088 2868 1198 2940 Iberus,

257 2948 482 3023 Saguntinisque
504 2946 606 3005 mediis
630 2948 706 3005 inter
732 2948 855 3024 imperia
878 2948 1001 3005 duorum
1028 2947 1199 3026 populorum
1305 2984 1319 2993 ·

256 3025 373 3083 libertas
389 3035 564 3083 servaretur.

209 3110 246 3163 35
296 3104 348 3163 ΙΙΙ.
371 3105 405 3163 Iu
430 3104 623 3163 Hasdrubalis
647 3105 746 3163 locum
769 3104 848 3163 haud
869 3105 957 3163 dubia
977 3125 1024 3163 res
1043 3104 1106 3176 suit,
1127 3107 1198 3183 quin

256 3186 477 3261 praerogativam
497 3185 660 3255 militarem,
676 3204 735 3260 qua
748 3184 891 3261 extemplo
908 3185 1026 3261 juvenis
1050 3184 1198 3242 Hannibal

257 3265 287 3321 in
308 3258 472 3340 praetorium
493 3263 605 3321 delatus
626 3265 837 3340 imperatorque
858 3264 968 3341 ingenti
991 3265 1120 3321 omnium
1139 3264 1198 3323 ela-

257 3362 335 3401 more
357 3354 442 3419 atque
464 3361 584 3400 assensu
605 3341 767 3420 appellatus
780 3351 851 3413 erat,
867 3341 1050 3419 favorplebis
1064 3361 1198 3417 sequere-

256 3432 313 3480 tur.
366 3422 456 3480 Hunc
480 3422 599 3479 vixdum
623 3422 762 3498 puberem
786 3421 953 3479 Hasdrubal
977 3422 1080 3479 litteris
1104 3421 1141 3478 ad
1167 3442 1199 3479 se

208 3505 246 3559 40
257 3502 447 3580 arcessierat:
469 3511 591 3577 actaque
611 3519 657 3558 res
676 3501 762 3558 etiam
776 3502 807 3558 in
820 3510 923 3558 senatu
942 3499 1045 3570 fuerat,
1066 3500 1199 3559 Barcinis

255 3580 421 3649 nitentibus,
445 3590 476 3637 ut
500 3590 679 3638 assuesceret
705 3579 814 3636 militiae
834 3578 982 3637 Hannibal
1004 3588 1090 3655 atque
1104 3580 1135 3635 in
1150 3599 1199 3655 pa-

256 3667 352 3715 ternas
363 3660 533 3716 succederet
546 3678 629 3735 opes:
651 3658 766 3727 Harma,
778 3658 897 3716 alterius
908 3658 1040 3716 factionis
1054 3658 1198 3735 princeps,

257 3742 313 3794 “et
326 3755 443 3813 aequum
457 3737 602 3814 postulare
617 3736 761 3807 videtur,''
772 3737 873 3814 inquit,
886 3744 904 3773 “
914 3736 1091 3808 Hasdrubal,
1102 3747 1131 3795 et
1145 3757 1200 3814 ego

255 3820 359 3875 tamen
373 3833 430 3874 non
444 3835 557 3888 censeo,
572 3816 648 3894 quod
661 3818 740 3894 petit,
759 3814 977 3875 tribuendum.”
1018 3815 1095 3875 Cum
1109 3813 1199 3875 admi·
