2717 4292
490 298 577 340 msa
594 297 616 339 1.
657 300 724 340 cae.
741 301 785 341 11.
1118 289 1156 348 la

161 429 225 505 ejus
237 428 356 504 injuriae
369 447 438 505 pars
451 430 628 504 pertinebat:
649 430 727 488 lente
741 449 829 507 agere
848 432 895 489 bis
908 431 1015 488 Tatius
1026 431 1109 490 Sabi·

159 510 248 584 nique
258 509 410 565 visisunt:
431 509 486 584 ipsi
501 511 614 566 intersc
625 523 685 566 tres
694 512 791 586 populi
799 513 991 568 communiter
1000 513 1110 570 bellum

159 599 275 664 parant.
319 587 386 644 Nec
407 587 586 644 Crustumini
606 589 723 664 quidem
741 601 828 665 atque
842 591 1043 660 Antemnates,
1058 610 1110 668 pro

160 666 264 722 ardore
285 667 389 742 iraque
402 667 627 736 Caeninensium,
642 670 713 724 satis
726 687 758 725 se
778 670 901 746 impigre
914 683 1047 727 movent:
1068 673 1109 728 ita

160 763 257 821 perse
277 747 373 821 ipsum
387 765 492 802 nomen
510 745 660 802 Caeninum
679 749 710 803 in
723 767 826 823 agrum
841 748 1006 805 Romanum
1019 751 1138 826 impeb

159 835 223 880 tum
238 823 320 881 facit.
362 824 420 881 Sed
434 825 524 881 effuse
539 827 718 882 vastantibus
730 826 763 883 tit
779 827 883 884 obvius
895 847 965 884 cum
976 831 1109 887 exercitu

160 902 316 972 Romulus,
344 903 460 979 levique
483 905 641 961 certamine
664 905 757 974 docet,
782 924 888 962 vanam
911 909 974 964 sine
998 909 1109 966 viribus

161 981 236 1039 iram
249 1001 329 1039 esse:
352 984 513 1039 exercitum
527 981 621 1040 fundit
635 982 784 1060 fugatque,
795 983 895 1042 susum
907 989 1107 1062 persequitur:

161 1079 261 1137 regem
272 1063 303 1117 in
317 1062 421 1138 proelio
433 1062 585 1118 obtruncat
599 1071 628 1119 et
640 1063 760 1138 spoliat:
781 1062 857 1121 duce
867 1065 992 1122 hostium
1000 1067 1107 1135 occiso,

160 1141 264 1198 urbem
276 1143 372 1215 primo
382 1141 490 1216 impetu
504 1142 591 1216 capit.
627 1141 698 1200 Inde
711 1144 842 1200 exercitu
856 1145 965 1202 victore
978 1144 1107 1215 reducto,
1119 1148 1157 1204 1⁰

159 1220 231 1296 ipse,
253 1237 323 1276 cum
345 1218 430 1277 factis
447 1220 494 1275 vir
513 1221 698 1297 magnificus,
712 1232 775 1278 tum
796 1221 940 1280 factorum
951 1234 1109 1282 ostentator

160 1298 238 1356 haud
259 1300 363 1367 minor,
377 1299 468 1374 spolia
488 1299 571 1356 ducis
585 1300 710 1356 hostium
723 1303 793 1357 caesi
814 1321 954 1378 suspensa
968 1301 1108 1360 fabricam

161 1378 196 1434 ad
210 1377 239 1435 id
251 1388 315 1454 apte
331 1375 444 1434 ferculo
456 1396 570 1454 gerens,
583 1379 613 1434 iu
623 1378 798 1454 Capitolium
810 1381 949 1450 escendit,
960 1382 1058 1456 ibique
1071 1401 1109 1438 eo

161 1475 228 1514 cum
253 1457 289 1514 od
312 1475 455 1532 quercum
480 1457 642 1532 pastoribus
666 1476 782 1514 sacrem
805 1458 991 1533 deposuisset,
1018 1461 1107 1516 simul
1210 1493 1216 1500 ·

160 1554 228 1592 cum
249 1539 323 1593 dono
336 1536 498 1611 designavit
511 1535 620 1610 templo
638 1535 720 1593 Jovis
739 1537 813 1593 fines
825 1556 1042 1614 cognomenque
1058 1538 1106 1594 ad-
1119 1541 1157 1596 15

160 1615 230 1672 didit
249 1615 322 1672 deo:
352 1613 511 1690 “Juppiter
530 1613 675 1684 Feretri‚''
703 1616 806 1690 inquit,
831 1617 925 1673 “haec
944 1617 997 1674 tibi
1017 1618 1109 1674 victor

160 1694 305 1751 Romulus
319 1713 372 1751 rex
383 1696 464 1770 regia
477 1711 559 1750 arma
574 1693 643 1763 sero,
658 1695 858 1770 templumque
871 1696 917 1752 his
931 1697 1106 1772 regionibus,

158 1792 232 1848 quas
252 1774 337 1830 ruodo
351 1774 447 1829 animo
466 1783 589 1830 metatus
602 1792 677 1842 sum,
692 1773 801 1843 dedico,
815 1773 914 1832 sedem
927 1776 1031 1852 opimis
1043 1795 1106 1852 spo

158 1851 213 1921 liis,
227 1872 296 1929 quae
310 1853 429 1928 regibus
442 1852 623 1927 ducibusque
643 1852 767 1909 hostium
781 1855 874 1922 casis,
889 1873 937 1914 mc
957 1867 1106 1912 auctorem

157 1943 322 2008 sequentes,
348 1933 452 2008 posteri
474 1929 599 1988 ferent.''
640 1931 715 1989 Haec
734 1934 835 2008 templi
854 1943 899 1990 est
919 1935 1008 2009 origo,
1029 1934 1155 2009 quodco

157 2013 286 2088 primum
307 2011 437 2068 omnium
459 2009 561 2067 Romae
584 2021 732 2067 sacratum
754 2023 808 2068 est.
858 2011 903 2068 lta
925 2012 1029 2068 deinde
1050 2012 1106 2070 diis

157 2092 263 2160 visum,
279 2109 335 2146 nec
356 2091 468 2145 irritam
485 2089 639 2146 conditoris
662 2090 763 2166 templi
776 2108 878 2147 vocem
897 2109 970 2160 esse,
985 2110 1044 2166 qun
1063 2091 1105 2148 la·

156 2179 238 2227 turos
251 2189 287 2226 eo
300 2169 393 2244 spolia
406 2179 533 2244 posteros
547 2171 736 2244 nuncupavit,
751 2188 815 2239 nec,
830 2170 1014 2227 multitudine
1027 2190 1104 2228 com-

157 2258 266 2325 potum‚
281 2249 347 2324 ejus
366 2247 433 2304 doni
446 2248 562 2324 vulgari
586 2248 721 2305 laudem:
749 2248 818 2305 bina
841 2260 948 2324 postea,
969 2250 1046 2306 inter
1064 2259 1106 2306 tot

157 2347 248 2384 annos
268 2337 309 2384 tot
332 2327 418 2395 bella,
439 2328 536 2402 opima
559 2337 641 2402 parta
659 2337 727 2384 sunt
747 2328 848 2403 spolia,
863 2328 934 2386 adeo
954 2347 1022 2385 rara
1040 2329 1155 2404 ejua25

158 2405 275 2464 fortuna
298 2406 411 2463 decoris
435 2403 499 2462 suit.
542 2405 593 2462 xl.
623 2405 704 2463 Dum
724 2426 760 2463 ea
781 2407 821 2464 ibi
845 2406 970 2464 Romani
989 2415 1107 2484 gerunt,

158 2485 380 2542 Antemnatium
404 2485 551 2543 exercitus
577 2504 629 2560 per
652 2487 835 2542 occasionem
858 2506 894 2543 ac
921 2486 1105 2542 solitudinem

157 2565 299 2621 hostiliter
319 2565 349 2620 in
363 2564 436 2621 fines
450 2563 596 2620 Romanoe
610 2565 805 2620 incursionem
824 2562 904 2619 facit.
946 2564 1063 2636 Raptim
1076 2573 1106 2620 et

98 2701 103 2704 .
158 2643 195 2700 ad
209 2645 262 2701 hos
277 2643 409 2700 Romano
422 2643 498 2719 legio
512 2642 601 2698 ducta
611 2642 721 2716 palatos
734 2642 764 2695 in
779 2643 858 2716 agris
871 2642 1026 2715 oppressit:
1048 2640 1106 2696 fusi

158 2723 248 2798 igitur
269 2724 362 2799 primo
382 2723 490 2798 impetu
505 2731 533 2778 et
554 2721 682 2777 clamore
702 2720 805 2788 hostes,
819 2719 956 2795 oppidum
970 2730 1104 2794 captum:
1115 2723 1156 2776 3⁰

158 2801 326 2877 duplicique
350 2803 471 2858 victoria
494 2810 630 2858 ovantem
655 2799 814 2856 Romulum
838 2798 968 2856 Hersilia
988 2799 1105 2874 conjux,

158 2883 294 2957 precibus
309 2892 456 2957 raptarum
478 2880 606 2956 fatigata,
620 2890 693 2948 orat,
708 2889 741 2935 ut
761 2879 928 2955 parentibus
941 2898 1044 2936 earum
1057 2878 1106 2937 det

158 2961 284 3030 veniam,
299 2971 328 3017 et
348 2961 378 3016 in
392 2961 538 3016 civitatem
560 2960 701 3034 accipiat:
721 2960 762 3015 ita
777 2977 839 3016 rem
852 2959 1017 3016 coalescere
1037 2978 1104 3017 con-

158 3039 258 3097 cordia
279 3059 372 3116 posse.
413 3039 515 3095 Facile
536 3039 731 3114 impetratum.
772 3037 843 3095 Inde
863 3049 965 3096 eontra
984 3038 1104 3095 Crustu-

158 3119 251 3175 minos
265 3118 420 3194 profectus,
436 3118 545 3175 bellum
559 3116 725 3175 inferentes.
755 3116 799 3174 Ibi
813 3119 910 3174 minus
919 3119 1017 3186 etiam,
1027 3117 1104 3194 quod
1114 3117 1153 3173 bb

158 3197 262 3254 alienis
276 3197 410 3254 cladibus
420 3197 585 3254 ceciderant
599 3197 698 3266 animi,
707 3198 874 3254 certaminis
887 3196 952 3254 fuit.
975 3196 1104 3271 Utroque

159 3277 279 3333 coloniae
304 3277 418 3332 missae:
450 3277 549 3351 plures
572 3277 692 3344 inventi,
716 3276 776 3351 qui,
801 3287 915 3351 propter
943 3277 1104 3331 ubertatem

158 3364 252 3424 torrae,
268 3357 298 3410 in
311 3355 533 3412 Crustuminum
547 3355 663 3412 nomina
676 3355 789 3410 darent·
831 3354 871 3410 Et
892 3353 1016 3410 Romam
1037 3351 1105 3408 inde

160 3431 327 3509 frequenter
341 3435 498 3510 migratum
511 3443 563 3502 est,
578 3452 597 3489 a
615 3433 783 3509 parentibus
795 3433 922 3488 maxime
937 3450 973 3487 ac
993 3431 1104 3506 propin·

159 3513 225 3588 quis
238 3523 398 3588 raptarum.
913 3525 928 3550 ⁰
1114 3511 1154 3568 40

198 3591 400 3648 Novissimum
428 3592 465 3648 ab
488 3591 604 3648 Sabinis
627 3590 738 3647 bellum
760 3598 874 3658 ortum3
903 3585 1051 3662 multoque
1075 3585 1105 3644 id

160 3672 321 3728 maximum
349 3670 420 3728 fuit:
455 3671 527 3727 nihil
558 3671 637 3727 enim
665 3670 814 3744 per-iram
841 3676 891 3723 aut
919 3667 1106 3743 cupiditatem

160 3761 258 3807 actum
268 3761 329 3807 est:
350 3769 406 3808 nec
416 3749 603 3806 ostenderunt
613 3747 724 3804 bellum
737 3747 818 3821 prius
828 3764 917 3820 quam
932 3745 1104 3802 intulerunt.

160 3826 287 3887 Cnsilio
304 3830 393 3887 etiam
407 3829 521 3886 additus
535 3826 636 3883 dolus:
660 3825 785 3900 Spurius
802 3822 949 3898 Tarpeius
967 3823 1107 3880 Romarm
