2717 4292
226 348 265 406 26
645 359 710 440 urps
725 362 799 402 unm

274 490 340 550 Lex
363 492 497 550 horrendi
520 493 659 551 carminis
680 501 760 550 erat:
794 491 970 549 “duumviri
993 487 1224 566 perduellionem

271 571 420 647 judicent:
441 573 467 628 si
482 591 499 628 a
512 571 673 630 duumviris
692 571 862 648 provocarit,
877 568 1078 646 provocatione
1091 577 1221 627 certato.

275 650 300 708 si
314 651 439 720 vincent,
454 660 542 727 caput
554 649 700 719 obnubito,
715 648 825 707 infelici
840 649 935 706 arbori
955 657 1031 705 reste
1045 647 1222 723 suspendito,

275 729 425 786 verberato
439 730 485 786 vel
500 730 577 788 intra
590 730 751 806 pomerium
765 728 812 785 vel
827 739 909 785 extra
923 725 1117 803 pomerium.''
1152 725 1223 783 Hac

246 807 340 884 alege
364 808 510 866 duumviri
534 809 634 878 creati,
659 808 710 882 qui
732 826 764 864 se
785 806 935 864 absolvere
954 824 1012 862 non
1032 805 1172 862 rebantur
1185 823 1222 862 ea

275 886 349 964 lege,
374 887 411 944 ne
435 888 585 944 innoxium
605 886 732 963 quidem,
761 904 852 960 posse,
877 904 947 942 cum
970 883 1221 953 condemnassent,

275 974 338 1022 tum
352 965 424 1024 alter
435 983 472 1023 ex
486 966 531 1022 his
545 965 658 1022 “Publi
672 964 785 1033 Horati,
797 965 848 1021 tibi
859 963 1087 1040 perduellionem
1097 960 1209 1036 judico'

275 1045 385 1121 iuquit:
408 1051 426 1080 “
436 1043 528 1114 lictor,
540 1043 647 1121 colliga
664 1041 802 1100 manus.'’
825 1042 1000 1100 Accesserat
1013 1041 1098 1098 lictor
1107 1040 1222 1117 injicie-

276 1123 381 1199 batque
395 1123 543 1199 laqueum.
584 1123 663 1180 Tum
677 1121 826 1191 Horatius,
838 1129 957 1178 auctore
967 1118 1065 1190 Tullo,
1077 1118 1222 1176 clemente

229 1201 264 1256 10
275 1201 349 1278 legis
369 1202 532 1280 interprete,
555 1199 737 1278 “provoco''
758 1201 861 1276 inquit.
903 1198 948 1257 Ita
961 1198 997 1256 de
1018 1198 1223 1275 provocatione

275 1290 418 1339 certatum
429 1281 465 1337 ad
480 1280 617 1358 populum
632 1289 685 1337 est.
707 1278 778 1336 Moti
789 1279 918 1336 honines
929 1286 997 1335 811111
1009 1278 1039 1335 111
1053 1296 1089 1334 eo
1099 1276 1221 1352 judicio,

275 1359 401 1416 maxime
416 1359 518 1417 Publio
531 1359 651 1418 Horatio
671 1367 752 1434 patre
770 1358 976 1434 proclamante,
991 1375 1023 1413 se
1041 1355 1133 1412 filiam
1150 1355 1223 1430 jure

274 1455 380 1496 caesam
400 1438 554 1514 judicare:
583 1439 615 1495 ni
634 1439 676 1495 ita
690 1446 774 1507 esset,
796 1437 889 1512 patrio
905 1435 973 1511 jure
992 1435 1024 1490 in
1044 1433 1138 1491 filium
1157 1435 1220 1490 ani·

274 1516 496 1575 madversurum
510 1516 609 1576 luisse.
652 1516 764 1573 Orabat
783 1514 895 1584 deinde,
909 1533 947 1572 ue
968 1533 1009 1583 se,
1023 1531 1112 1589 quem
1133 1513 1223 1588 paulo

228 1595 341 1654 15'ante
368 1615 437 1654 cunr
464 1597 584 1674 egregia
609 1597 699 1671 stirpe
725 1595 949 1671 conspexissent,
984 1593 1088 1649 orbum
1104 1591 1222 1650 »liberis

274 1673 414 1733 iacerent.
465 1674 544 1732 Inter
570 1667 633 1731 liaec
657 1691 756 1743 senex,
775 1673 914 1748 juvenem
938 1670 1100 1748 amplexus,
1128 1671 1220 1746 spolia

273 1751 470 1810 Curiatiorum
481 1753 542 1812 fixa
551 1771 586 1809 eo
599 1751 671 1822 loco,
683 1753 734 1828 qui
744 1771 823 1809 nunc
837 1751 901 1808 Pila
910 1749 1034 1809 Horatia
1044 1748 1221 1826 appellatur,

273 1840 429 1901 ostentans,
451 1829 658 1901 “hunccine''
680 1831 785 1902 aiebat,
810 1836 928 1907 “quem
947 1829 1030 1887 modo
1051 1828 1222 1886 decoratum
1306 1859 1314 1875 ·
1349 1855 1351 1862 ·

273 1919 466 1987 ovantemque
488 1911 610 1968 victoria
635 1909 818 1967 incedentem
842 1909 962 1978 vidistis,
985 1907 1126 1977 Quirites,
1152 1926 1222 1965 eum
1280 1972 1282 1974 v

224 1989 264 2044 20
275 1989 329 2046 sub
350 1987 436 2047 furca
453 1991 584 2048 vinctum
605 1989 681 2046 inter
695 1989 816 2047 verbera
832 1998 862 2046 et
881 1989 1031 2046 cruciatus
1051 1987 1151 2053 videre
1172 2006 1221 2064 po-

274 2069 361 2138 testis,
371 2068 446 2145 quod
460 2069 509 2126 vix
523 2069 708 2127 Albanorum
715 2068 794 2125 oculi
806 2078 867 2125 tam
879 2048 1007 2126 delorme
1017 2066 1222 2143 spectaculum

274 2146 350 2204 ferre
372 2147 508 2224 possenti
538 2149 557 2218 i,
575 2148 668 2217 lictor,
690 2147 799 2224 colliga
818 2164 931 2216 manus,
953 2165 1019 2222 quae
1040 2144 1129 2222 paulo
1152 2154 1222 2202 aute

274 2235 394 2283 armatae
416 2227 569 2302 imperium
592 2227 697 2304 populo
718 2226 849 2284 Romano
873 2234 1064 2302 pepererunt:
1089 2225 1109 2294 i,
1129 2234 1221 2300 caput

273 2304 386 2362 obnube
407 2304 569 2364 liberatoris
583 2306 663 2363 urbis
684 2305 788 2382 hujus:
810 2306 905 2363 arbori
925 2304 1037 2362 infelici
1057 2303 1220 2379 suspende:

224 2385 262 2438 25
274 2384 395 2441 verbera
409 2386 455 2441 vel
470 2385 546 2441 intra
560 2383 843 2461 pomerium-modo
856 2385 931 2441 inter
944 2383 995 2440 illa
1012 2383 1073 2459 pila
1086 2392 1115 2439 et
1127 2382 1222 2457 spolia

273 2463 484 2522 hostium-vel
505 2473 588 2520 extra
607 2463 889 2539 pomerium-modo
902 2463 978 2520 inter
990 2461 1148 2538 sepulchra
1160 2461 1221 2519 Cu-

273 2543 433 2608 riatiorum.
474 2541 542 2608 Quo
557 2542 635 2600 enim
654 2540 764 2600 ducere
777 2543 856 2600 hunc
874 2541 1014 2618 juvenem
1027 2541 1153 2617 potestis,
1168 2539 1221 2598 ubi

246 2627 248 2632 ’
272 2640 330 2679 uon
343 2640 397 2679 sua
411 2621 517 2680 decora
530 2641 599 2679 eum
613 2640 631 2678 a
643 2630 725 2680 tanta
738 2620 866 2678 feditate
879 2621 1015 2697 supplicii
1025 2618 1173 2677 vindicent
1182 2616 1219 2676 ‘l'’

239 2747 251 2770 ,.,
272 2700 343 2758 Non
354 2701 421 2759 tulit
435 2700 558 2777 populus
567 2719 623 2758 nec
637 2701 726 2777 patris
739 2699 885 2770 lacrimas,
899 2718 956 2756 nec
965 2699 1060 2775 ipsius
1074 2716 1176 2774 parem
1189 2699 1222 2756 iu

224 2779 262 2834 30
273 2780 351 2836 omni
364 2779 642 2855 periculoanimum,
654 2778 905 2855 absolveruntque,
920 2777 1110 2835 admiratione
1124 2777 1222 2854 magis

273 2858 396 2926 virtutis,
418 2873 508 2932 quam
524 2856 592 2931 jure
613 2874 723 2914 causae.
764 2854 875 2932 ltaque,
897 2866 930 2914 ut
949 2856 1044 2929 oaedes
1064 2855 1223 2915 manifesta

273 2935 370 3010 aliquo
384 2944 481 2993 tamen
495 2934 611 3011 piaculo
631 2933 771 3004 lueretur,
786 2936 960 3012 imperatum
973 2935 1058 3012 patri,
1073 2944 1106 2993 ut
1124 2935 1223 2992 filium

273 3014 405 3090 expiaret
429 3014 555 3090 pecunia
582 3014 709 3090 publica.
765 3013 794 3072 Is
820 3014 994 3090 quibusdam
1020 3013 1222 3091 piacularibus

206 3137 207 3141 ,
272 3092 424 3150 sacrificiis
448 3090 541 3163 factis,
566 3111 632 3168 quae
655 3092 758 3151 deinde
778 3095 858 3172 genti
878 3092 1009 3152 Horatiae
1022 3093 1129 3151 tradita
1142 3102 1221 3164 sunt,

225 3173 262 3227 35
273 3172 440 3228 transmisso
464 3172 616 3248 perviam
640 3171 742 3250 tigillo,
765 3173 860 3249 capite
888 3172 1032 3249 adoperto,
1060 3170 1142 3229 velut
1161 3173 1222 3239 ,sub

270 3251 376 3327 jugum
396 3251 474 3308 misit
490 3251 639 3326 juvenem.
681 3251 714 3310 Id
734 3251 818 3309 hodie
838 3271 953 3328 quoque
973 3250 1090 3328 publice
1104 3268 1222 3328 semper

273 3328 415 3388 refectum
436 3339 541 3400 manet,
563 3348 705 3388 sororium
724 3331 851 3408 tigillum
869 3338 984 3388 vocant.
1025 3328 1156 3387 Horatiae
1175 3349 1220 3388 se

273 3410 437 3486 pulchrum,
452 3428 510 3486 quo
528 3409 592 3468 loco
606 3418 755 3468 corruerat
778 3410 845 3480 iota,
867 3417 1065 3468 constructum
1085 3417 1130 3466 est
1148 3424 1221 3467 saxo

293 3489 422 3546 uadrato.
989 3481 995 3552 s

226 3508 291 3626 idq
314 3567 439 3626 XXXII.
461 3567 575 3626 Mortuo
590 3567 689 3636 Tullo,
706 3587 761 3638 res,
777 3570 809 3625 ut
828 3568 993 3626 institutum
1010 3567 1073 3642 jam
1093 3566 1161 3624 inde
1183 3567 1222 3624 ab

273 3645 355 3704 initio
368 3655 439 3716 crat,
455 3645 491 3703 ad
505 3655 601 3723 patres
615 3646 748 3716 redierat,
760 3647 848 3722 hique
862 3647 1039 3722 interregem
1053 3646 1221 3703 nominave-

275 3732 356 3780 rant:
377 3742 435 3799 quo
448 3725 565 3782 comitia
579 3725 712 3795 habente,
724 3725 844 3783 Ancum
855 3724 1003 3784 Marcium
1016 3743 1117 3802 regem
1131 3743 1222 3801 popu-

273 3801 322 3862 tus
352 3803 479 3860 creavit:
513 3812 616 3878 patres.
644 3800 727 3862 fuere
744 3813 903 3880 ‚auctores
944 3803 1055 3863 Numae
1086 3802 1221 3880 Pompilii

274 3878 352 3958 regis
368 3898 465 3958 nepos,
480 3879 542 3938 filia
561 3887 649 3950 ortus,
664 3883 770 3940 Ancus
790 3881 922 3940 Marcius
942 3891 1022 3940 erat:
1045 3881 1108 3959 qui,
1121 3889 1155 3940 ut
1175 3899 1221 3940 re
