2717 4292
189 281 190 287 .
208 258 266 322 130
341 238 342 241 ¹
621 266 679 307 τιτι
700 265 775 307 nnn

256 399 318 457 dies
338 397 508 475 excipiebat,
524 395 559 454 ad
579 396 752 455 Clastidium
772 396 880 465 vicum,
896 414 956 472 quo
976 414 1117 471 magnum
1139 392 1200 453 iru-

257 480 346 537 menti
369 495 524 535 numerum
546 486 753 552 congesserant
774 475 907 544 Romani,
929 475 1024 531 mittit.
1068 474 1201 533 ibicum

257 559 316 614 vim
331 567 473 633 pararent,
486 574 551 630 spes
566 554 642 611 sacta
657 555 841 631 proditionis;
864 573 919 611 nec
932 571 1003 610 sane
1017 572 1123 629 magno
1137 572 1200 629 pre·

257 637 305 706 tio,
320 636 446 692 nummis
467 635 564 691 aureis
583 634 811 709 quadringentis,
826 632 915 689 Dasio
933 632 1109 689 Brundisino
1130 650 1198 708 prae

228 713 333 776 filecto
360 712 484 789 praesidii
512 723 655 789 corrupto,
681 713 803 770 traditur
830 711 989 768 Hannibali
1016 710 1200 768 Clastidium.

257 792 291 851 ld
305 793 438 849 horreum
455 791 509 848 fuit
523 791 622 849 Poenis
636 792 802 848 sedentibus
816 790 852 847 ad
871 789 1021 847 Trebiam.
1064 788 1097 846 ln
1112 791 1201 865 capti-

258 891 309 929 vos
333 890 369 928 ex
392 871 495 928 tradito
516 870 654 946 praesidio,
675 880 707 927 ut
729 868 807 926 sama
828 869 990 927 clementiae
1009 869 1041 924 in
1061 869 1201 945 principio

259 969 357 1011 rerum
372 950 565 1026 colligeretur,
581 949 652 1005 nihil
667 950 799 1005 saevitum
814 959 866 1005 est.

299 1028 407 1087 XLIX.
430 1029 504 1085 Cum
520 1028 555 1084 ad
570 1027 710 1085 Trebiam
732 1036 864 1084 „errestre
885 1026 1058 1084 constitisset
1075 1025 1199 1097 bellum,

212 1119 246 1171 10
258 1108 372 1164 interim
387 1108 467 1164 circa
488 1106 617 1163 Siciliam
633 1105 801 1181 insulasque
822 1104 914 1178 ltaliae
934 1105 1125 1174 imminentes,
1140 1116 1201 1163 eta

258 1185 428 1263 Sempronio
445 1185 573 1253 consule,
589 1195 617 1241 et
632 1195 697 1241 ante
719 1184 873 1241 adventum
888 1184 960 1260 ejus
976 1194 1054 1241 terra
1067 1184 1200 1260 marique

258 1282 305 1321 res
325 1275 423 1341 gestae.
466 1264 578 1340 Viginti
597 1265 820 1340 quinqueremes
837 1282 905 1319 cum
927 1262 1006 1320 mille
1028 1262 1146 1319 armatis
1163 1262 1200 1319 ad

258 1342 487 1419 depopulandam
510 1361 591 1399 oram
615 1342 706 1399 ltaliae
734 1362 751 1398 a
777 1341 1067 1419 Carthaginiensibus
1093 1342 1199 1411 missae,

258 1440 361 1478 novem
382 1420 515 1498 Liparas,
530 1431 594 1478 octo
614 1421 652 1477 ad
672 1420 798 1477 insulam
811 1420 941 1477 Vulcani
961 1430 1125 1488 tenuerunt,
1141 1430 1201 1477 tres

212 1501 289 1563 15in
312 1499 417 1558 fretum
439 1501 541 1557 avertit
560 1510 655 1557 aestus.
699 1499 817 1556 Adeas
837 1509 1005 1575 conspectas
1026 1518 1044 1556 a
1065 1497 1203 1556 Messana

259 1579 410 1637 duodecim
424 1598 512 1635 naves
534 1579 569 1634 ab
590 1578 717 1635 Hierone
732 1597 800 1653 rege
822 1577 1075 1652 Syracusanorum
1094 1578 1199 1647 misse,

258 1659 380 1733 quitum
390 1658 459 1714 forte
472 1656 614 1713 Messanae
624 1667 695 1726 erat,
705 1656 852 1713 consulem
863 1656 1028 1713 Romanum
1039 1657 1199 1732 opperiens,

258 1736 339 1793 nullo
353 1745 531 1811 repugnante
545 1745 644 1819 cantas
658 1754 748 1792 naves
762 1734 926 1793 Messanam
940 1736 970 1791 in
984 1733 1096 1812 portum
1111 1734 1200 1792 dedu·

258 1813 559 1890 xerunt.aCognitum
574 1832 610 1869 ex
625 1814 756 1889 captivis,
768 1824 872 1889 praeter
885 1815 987 1890 viginti
1001 1833 1100 1883 naves,
1113 1814 1200 1889 cujus

209 1899 248 1952 20
259 1893 315 1969 ipsi
335 1893 436 1949 classis
458 1901 561 1961 essent,
577 1893 606 1948 in
620 1891 735 1950 Italiam
754 1893 865 1961 missas,
880 1894 1008 1968 quinque
1031 1903 1059 1950 et
1080 1894 1201 1969 triginta
1236 1940 1238 1942 ,

259 1973 332 2029 alias
345 1972 567 2047 quinqueremes
578 1970 709 2028 Siciliam
720 1982 817 2047 petere
831 1972 867 2028 ad
882 1972 1076 2029 sollicitandos
1087 1982 1201 2029 veteres

217 2106 218 2111 ,
258 2053 366 2108 socios:
389 2050 514 2125 Lilybaei
534 2050 694 2127 occupandi
715 2052 891 2126 praecipuam
912 2069 1014 2108 curam
1034 2070 1114 2108 esse:
1136 2070 1199 2108 cre-

258 2130 325 2187 dere
341 2130 441 2187 eadem
462 2139 638 2205 tempestate,
653 2148 713 2205 qua
733 2130 786 2204 ipsi
800 2129 912 2204 disjecti
934 2128 1034 2197 forent,
1050 2149 1114 2187 eam
1129 2149 1199 2204 quo·

258 2227 315 2282 que
334 2207 457 2265 classem
480 2208 515 2264 ad
540 2208 661 2283 AEgates
683 2208 793 2265 insulas
820 2208 973 2284 dejectam.
1015 2208 1097 2277 Haec,
1122 2211 1200 2266 sicut

209 2292 248 2345 25
259 2286 356 2343 audita
370 2295 460 2355 erant,
476 2304 527 2341 rex
543 2285 583 2342 M.
597 2286 719 2359 AEmilio
733 2288 855 2362 praetori,
871 2287 956 2362 cujus
970 2287 1072 2344 Sicilia
1086 2288 1198 2363 provin-

258 2365 304 2420 cia
318 2373 388 2432 erat,
404 2364 570 2440 praescribit,
586 2374 738 2441 monetque
754 2376 786 2422 ut
805 2364 971 2441 Lilybaeum
985 2367 1076 2423 firmo·
1089 2376 1199 2424 teneret

258 2442 398 2519 praesidio.
441 2443 593 2519 Extemplo
607 2453 635 2501 et
655 2445 736 2501 circa
750 2463 767 2500 a
782 2455 900 2520 praetore
915 2445 951 2501 ad
972 2445 1104 2502 civitates
1118 2446 1199 2501 missi

258 2522 346 2599 legati
367 2523 548 2597 tribunique:
573 2542 640 2579 suos
661 2521 697 2579 ad
718 2541 820 2579 curam
841 2524 977 2580 custodiae
998 2523 1197 2596 intenderent3

259 2612 323 2658 ante
338 2602 433 2660 omnia
448 2600 613 2677 Lilybaeum
627 2603 728 2671 teneri,
744 2601 780 2659 ad
795 2613 927 2677 paratum
941 2603 1010 2659 belli
1028 2602 1121 2660 edicto
1135 2622 1198 2678 pro·

189 2721 192 2727 -
212 2686 248 2740 30
258 2682 354 2756 posito,
371 2691 403 2737 ut
429 2682 499 2738 socii
523 2681 642 2737 navales
666 2681 768 2738 decem
792 2681 904 2738 dierum
928 2692 1011 2739 cocta
1031 2682 1141 2738 cibaria
1162 2681 1198 2739 ad

257 2778 347 2816 naves
361 2758 513 2828 deferrent,
529 2769 565 2828 et,
582 2759 631 2815 ubi
652 2760 768 2837 signum
784 2759 882 2837 datum
904 2775 987 2829 esset,
1002 2779 1039 2817 ne
1060 2761 1125 2835 quis
1140 2780 1197 2816 mo-

258 2855 320 2893 ram
340 2837 549 2895 conscendendi
569 2836 696 2911 faceret3
720 2857 827 2915 perque
850 2858 963 2896 omnem
985 2858 1075 2907 oram,
1090 2840 1141 2914 qui
1162 2859 1199 2898 ex

257 2916 387 2990 speculis
394 2916 587 2991 prospicerent
599 2916 799 2974 adventantem
810 2917 934 2975 hostium
948 2918 1080 2975 classem.
1103 2918 1198 2975 Simul

257 2994 363 3067 itaque,
389 3012 565 3068 quamquam
592 2994 627 3051 de
651 2995 792 3053 industria
811 2998 913 3054 morati
936 3016 1056 3054 cursum
1078 2997 1198 3054 navium

209 3077 247 3133 35
258 3083 340 3128 erant
360 3071 623 3148 Carthaginienses,
639 3084 670 3131 ut
685 3084 751 3143 ante
766 3075 863 3132 lucem
877 3072 1049 3133 accederent
1069 3075 1197 3151 Lilybae-

251 3169 316 3219 um,
342 3169 518 3226 praesensum
539 3162 635 3209 tamen
654 3163 706 3222 est,
720 3154 790 3229 quia
809 3165 838 3210 et
857 3153 928 3211 luna
948 3173 1056 3230 pernox
1077 3164 1149 3224 erat,
1170 3163 1198 3213 et

257 3229 376 3287 sublatis
393 3232 577 3287 armamentis
591 3232 752 3302 veniebant,
762 3234 905 3309 extemplo
918 3234 1034 3309 signum
1048 3232 1147 3289 datum
1161 3251 1198 3292 ex

257 3309 392 3384 speculiS,
404 3310 472 3367 etin
486 3309 587 3385 oppido
598 3309 633 3367 ad
649 3329 730 3367 arma
744 3311 957 3369 conclamatum
972 3322 1015 3369 est
1025 3322 1054 3369 et
1064 3312 1094 3368 in
1109 3331 1198 3369 naves

258 3406 457 3447 conscensum.
513 3387 584 3446 Pars
611 3389 735 3445 militum
763 3390 792 3445 in
820 3391 912 3448 muris
939 3400 1143 3466 portarumque
1168 3392 1198 3447 in

211 3467 434 3537 castrationibus,
451 3486 516 3543 pars
539 3468 569 3523 in
591 3468 714 3525 navibus
735 3478 829 3525 etant.
872 3469 911 3527 Et
932 3470 1198 3545 Carthaginienses,

257 3545 326 3619 quia
348 3564 409 3602 rem
432 3546 491 3603 fore
513 3546 590 3603 haud
612 3566 681 3603 cum
700 3548 850 3623 imparatis
868 3549 1034 3616 cernebant,
1051 3567 1142 3624 usque
1162 3548 1198 3605 ad

257 3622 354 3679 lucem
379 3634 461 3699 portu
485 3644 516 3682 se
545 3625 752 3694 abstinuerunt,
775 3625 922 3683 demendis
950 3628 1137 3683 armamentis
1164 3647 1198 3684 eo

256 3708 383 3775 tempore
408 3703 588 3778 aptandaque
611 3702 646 3760 ad
671 3723 798 3779 pugnam
819 3705 913 3762 classe
936 3705 1097 3781 absumpto.
1139 3704 1197 3763 Ubi

257 3775 361 3847 illuxit,
373 3797 509 3855 recepere
523 3782 645 3838 classem
660 3800 691 3838 ιιι
705 3782 805 3852 altum,
817 3792 849 3840 ut
859 3784 984 3862 spatium
995 3802 1101 3861 pngnae
1112 3793 1193 3855 esset,
