2717 4292
494 308 579 349 mssa
596 308 669 349 xxn.
712 308 778 349 car.
793 309 826 349 11.
1098 297 1156 359 145

155 440 247 514 siem
270 450 363 498 sortes
376 456 432 497 sua
445 450 545 516 sponte
561 449 734 511 attenuatas,
749 458 896 516 unamque
911 438 1054 497 excidisse
1067 440 1109 497 ita

154 521 294 599 scriptam
319 518 467 577 “Mavors
489 519 580 577 telum
603 538 691 577 suum
712 518 879 577 concutit:'’
908 529 937 577 et
959 537 1012 596 per
1030 518 1108 577 idem

154 609 271 677 tempus
299 598 402 657 Romae
424 600 541 677 signum
566 598 668 657 Martis
693 600 790 676 Appia
812 601 859 657 via
884 619 919 656 ac
947 599 1104 658 simulacra

154 680 293 756 luporum
312 679 441 748 sudasse,
457 689 485 735 et
509 678 618 755 Capuae
637 680 764 756 speciem
784 679 850 737 caeli
872 677 998 737 ardentis
1017 677 1107 736 fuisse

154 761 295 835 lunaeque
316 760 392 816 inter
415 759 540 815 imbrem
564 758 704 816 cadentis.
746 758 816 816 lude
837 758 996 816 minoribus
1018 760 1136 816 etiami

155 840 236 897 dictu
263 838 401 915 prodigiis
426 837 498 895 fides
522 837 637 895 habite:
670 856 775 914 capras
797 838 911 896 lanatas
933 837 1106 913 quibusdam

155 919 259 987 sectas,
283 928 312 975 et
333 916 475 995 gallinam
496 918 527 973 in
550 936 669 987 marem,
693 918 806 994 gallum
828 918 858 974 in
883 916 1020 974 feminam
1042 936 1107 973 sese

155 998 289 1056 vertisse.
339 997 388 1065 lis,
404 997 479 1053 sicut
502 1006 585 1053 erant
607 998 748 1067 nuntiata,
764 998 908 1073 expositis,
927 997 1106 1055 auctoribus·

154 1097 214 1155 que
228 1077 388 1135 incuriam
402 1075 581 1146 introductis,
597 1076 699 1133 consul
718 1076 754 1133 de
769 1078 909 1154 religione
930 1086 1026 1152 patres
1040 1094 1106 1133 con-

154 1158 264 1214 suluit:
286 1156 437 1213 decretum
451 1165 483 1212 ut
503 1174 539 1211 ea
560 1155 690 1232 prodigia
711 1157 814 1233 partim
837 1157 994 1232 majoribus
1008 1151 1156 1213 hostiis10

155 1236 263 1314 partim
288 1235 462 1293 lactentibus
486 1243 723 1311 procurarentur,
745 1236 837 1293 etuti
861 1234 1033 1311 supplicatio
1055 1252 1107 1311 per

154 1314 286 1373 triduum
314 1314 350 1371 ad
378 1314 475 1371 omnia
502 1312 669 1389 pulvinaria
696 1313 869 1371 haberetur:
905 1323 1012 1384 cetera,
1037 1333 1107 1371 eum

155 1394 315 1453 decemviri
329 1393 417 1450 libros
427 1393 628 1469 inspexissent,
640 1401 673 1449 ut
686 1392 727 1449 ita
740 1392 852 1462 fierent,
863 1392 1108 1468 quemadmodum

154 1473 236 1532 cordi
250 1493 314 1531 esse
328 1472 369 1529 dii
390 1472 496 1529 divinis
510 1471 690 1529 carminibus
708 1468 910 1547 prae'ferentur.
953 1469 1106 1529 Decemvi-

154 1570 256 1610 rorum
270 1552 381 1609 monitu
401 1549 552 1609 decretum
572 1559 624 1622 est,
639 1548 706 1607 Jovi
726 1551 853 1627 primum
867 1550 975 1607 donum
996 1549 1107 1607 fulmen
1119 1552 1156 1606 15

154 1650 281 1691 aureum
295 1630 388 1709 pondo
402 1630 615 1707 quinquaginta
629 1630 721 1699 fieret,
732 1628 750 1686 J
752 1629 841 1687 unoni
856 1628 1055 1705 Minervaque
1070 1648 1106 1687 ex
1190 1677 1194 1683 .

155 1721 278 1789 argento
305 1709 380 1767 dona
408 1709 556 1779 darentur,
578 1718 607 1767 et
634 1708 742 1766 Junoni
771 1710 880 1786 reginae
903 1711 934 1767 in
959 1710 1107 1767 Aventino

154 1790 323 1865 Junonique
332 1788 588 1865 SospitaeLanuvii
598 1789 754 1865 majoribus
763 1789 862 1846 hostiis
870 1789 1087 1847 sacrificaretur
1094 1808 1104 1862 3

154 1880 353 1944 matronaque
379 1869 503 1946 pecunia
532 1869 646 1939 collata,
668 1879 811 1943 quantum
839 1868 972 1926 conferre
998 1868 1105 1944 cuique

155 1949 340 2008 commodum
365 1958 448 2018 esset,
468 1948 575 2005 donum
599 1946 707 2005 Junoni
733 1949 842 2024 reginae
869 1949 899 2004 in
924 1948 1105 2005 Aventinum
1115 1950 1156 2003 2⁰

155 2027 275 2100 ferrent,
299 2028 567 2103 lectisterniumque
591 2026 692 2099 fieret;
716 2029 787 2103 quin
809 2037 838 2084 et
859 2037 891 2083 ut
912 2027 1056 2084 libertinae
1076 2038 1104 2084 et

154 2108 345 2185 ipsae-unde
367 2106 500 2164 Feroniae
527 2106 635 2163 donum
656 2106 969 2182 daretur—pecuniam
991 2124 1042 2182 pro
1064 2105 1103 2162 fa-

154 2188 316 2246 cultatibus
344 2188 405 2244 suis
439 2184 620 2244 conferrent:
656 2186 719 2244 baec
747 2186 797 2243 ubi
831 2185 917 2256 sacta,
945 2185 1103 2257 decemviri
1131 2205 1135 2211 ·

159 2267 266 2325 Ardeae
288 2267 319 2324 in
339 2266 399 2323 foro
420 2266 578 2342 majorlbus
600 2266 699 2323 hostiis
721 2266 941 2323 sacrificarunt:
963 2274 1105 2341 postremo

155 2345 315 2405 Decembri
327 2346 388 2421 jam
403 2364 502 2402 mense
517 2344 552 2402 ad
567 2343 658 2402 aedem
674 2345 793 2402 Saturni
808 2346 910 2403 Romae
924 2346 1104 2403 immolatum
1114 2349 1154 2403 25

155 2436 209 2496 est,
221 2425 491 2499 lectisterniumque
501 2425 745 2501 imperatum-et
755 2443 823 2481 eum
834 2425 944 2482 lectum
958 2435 1105 2481 senatores

156 2514 391 2563 straverunt-et
405 2504 571 2561 convivium
583 2504 752 2580 pnblicum3
776 2523 811 2560 ac
826 2522 878 2579 per
889 2504 990 2560 urbem
1005 2503 1103 2560 Satur-

155 2585 237 2642 nalia
264 2584 351 2658 diem¹
369 2602 405 2640 ac
429 2592 543 2640 noctem
567 2583 703 2650 clamata,
725 2582 905 2657 populusque
933 2600 1001 2637 eum
1028 2582 1105 2637 diem

156 2663 264 2721 festum
278 2663 386 2720 habere
402 2680 568 2719 asservare
583 2662 613 2717 iu
628 2670 801 2738 perpetuum
813 2659 923 2735 jussus.

195 2742 235 2801 ll.
259 2741 338 2799 Dum
353 2740 454 2799 consul
468 2739 618 2817 placandis
629 2740 730 2797 Romae
740 2740 784 2797 dis
798 2738 986 2814 habendoque
997 2738 1104 2797 dilectu
1116 2741 1155 2795 ³0

154 2819 207 2879 dat
229 2839 359 2897 operam,
382 2820 530 2878 Hannibal
553 2819 700 2896 profectus
724 2839 761 2877 ex
785 2818 922 2889 hibernis,
948 2820 1018 2894 quia
1042 2818 1105 2895 jam

157 2900 338 2959 Flaminium
366 2900 515 2958 consulem
544 2900 697 2957 Arretium
724 2899 898 2975 praevenisse
927 2897 1004 2955 lama
1032 2909 1103 2969 erat,

7 3008 8 3017 κ
80 3037 86 3052 ,
157 2999 227 3037 cum
243 2980 323 3037 aliud
344 2979 468 3056 longius,
484 2986 614 3037 ceterum
635 2978 814 3037 commodius
828 2978 1026 3036 ostenderetur
1039 2979 1103 3049 iter,

157 3060 320 3137 propiorem
334 3058 412 3116 viam
426 3075 477 3135 per
491 3057 627 3135 paludem
642 3061 720 3135 petit,
735 3078 794 3135 qua
814 3058 923 3116 fluvius
937 3060 1039 3116 Amus
1053 3075 1105 3135 per

157 3158 206 3197 eos
220 3138 283 3197 dies
304 3138 385 3196 solito
406 3139 500 3214 magis
519 3137 721 3195 inundaverat.
763 3137 909 3214 Hispanos
930 3148 958 3196 et
973 3137 1062 3196 Afros
1076 3140 1154 3195 etat

156 3236 242 3275 omne
257 3218 387 3275 veterani
409 3217 497 3275 robur
517 3218 672 3287 exercitus,
688 3217 823 3276 admixtis
844 3218 971 3293 ipsorum
985 3216 1103 3293 impedi-

157 3298 271 3367 mentis,
287 3297 394 3355 necubi
415 3297 572 3355 consistere
586 3298 696 3354 coactis
709 3297 875 3354 necessaria
889 3294 924 3351 ad
940 3314 1010 3352 usus
1024 3295 1103 3352 dees-

156 3386 229 3446 sent,
241 3376 349 3452 primos
363 3377 406 3433 ire
418 3376 520 3451 jussit3
539 3377 621 3452 sequi
637 3375 747 3445 Gallos,
757 3384 789 3432 ut
799 3374 828 3431 id
839 3373 963 3450 agminis
976 3373 1106 3430 medium

156 3466 253 3527 esset3
278 3456 448 3513 novissimos
468 3456 511 3514 ire
525 3456 656 3531 equites;
681 3454 836 3529 Magonem
855 3452 921 3509 inde
936 3471 1004 3508 cum
1018 3470 1103 3528 expe,

156 3533 223 3592 ditis
248 3534 388 3593 Numidis
415 3553 520 3611 cogere
544 3554 658 3611 agmen,
685 3534 810 3590 maxime
835 3531 946 3602 Gallos,
970 3531 995 3587 si
1021 3530 1154 3589 taedioso

156 3611 265 3672 laboris
279 3614 432 3691 longaeque
447 3615 575 3671 viee-ut
595 3623 638 3671 est
658 3613 753 3670 mollis
774 3611 810 3669 ad
831 3610 901 3668 talia
921 3610 1103 3687 gens—dila-

156 3691 296 3751 berentur
312 3704 364 3751 aut
384 3693 581 3762 subsisterent,
596 3693 788 3753 cohibentem.
831 3691 930 3761 Primi,
945 3708 1004 3767 qua
1022 3688 1105 3748 modo

156 3774 294 3909 ppaeirent
304 3772 403 3843 duces,
415 3791 467 3849 per
481 3772 614 3849 praealtas
628 3772 711 3829 fluvii
726 3790 760 3829 ac
775 3769 931 3850 profundas
941 3769 1102 3847 voragines,

196 3852 253 3911 usti
274 3852 358 3930 perne
372 3852 442 3910 limo
461 3852 724 3989 immergentclspue
744 3870 776 3909 se
790 3860 886 3910 tamen
905 3851 988 3930 signa
1001 3869 1103 3927 seque-
