2717 4292
441 268 528 312 amsa
548 258 618 311 xxa*
652 270 717 311 aar.
732 270 814 323 xxrx,
827 268 899 310 m.
1103 259 1160 321 115

165 410 243 473 sunt,
258 390 405 480 cntempla
425 400 567 471 resolutis,
587 401 695 479 quibus
715 400 819 459 leviter
838 418 954 458 annexa
966 410 1039 470 erat,
1053 400 1114 459 vin.

165 480 251 551 aulis,
268 482 306 538 ab
320 481 460 539 actuariis
481 480 591 557 aliquot
610 481 735 538 navibus
756 479 792 537 ad
810 479 930 537 alteram
944 479 1037 558 ripam
1050 498 1114 556 per-

167 561 302 636 trahitur.
345 560 390 619 Ita
410 560 511 635 primis
525 559 659 637 expositis
673 559 724 617 alii
744 557 847 616 deinde
868 559 980 635 repetiti
1001 578 1037 617 ac
1057 569 1113 617 tra-

164 640 235 717 jecti
249 648 328 697 sunt.
370 638 455 697 Nihil
469 657 539 696 sane
553 637 741 714 trepidabant,
756 638 847 695 donec
861 638 1020 695 continenti
1033 637 1115 695 velut

166 728 251 795 ponte
267 728 443 795 agerentur:
464 717 574 793 primus
588 727 651 774 erat
664 736 762 793 pavor,
774 736 843 775 cum
853 715 948 773 soluta
962 716 998 774 ab
1008 717 1143 777 ceterisb

166 806 228 854 rate
242 798 275 854 in
289 796 382 854 altum
397 805 585 873 raperentur:
606 796 646 853 ibi
657 806 795 874 urgentes
808 796 883 852 inter
892 814 934 864 sc,
945 794 1114 854 cedentibus

165 876 306 933 extremis
321 876 358 933 ab
372 894 458 952 aqua,
473 875 668 952 trepidationis
682 876 863 953 aliquantum
877 873 1008 944 edebant,
1022 874 1114 933 donec

166 952 296 1031 quietern
321 955 382 1032 ipse
407 955 492 1012 timor
518 954 829 1030 circumspectantibus
852 971 959 1031 aquam
987 951 1112 1011 lecisset.

167 1034 315 1091 Excidere
329 1034 416 1091 etiam
437 1032 589 1091 saevientes
602 1032 721 1110 quidam
740 1034 771 1090 in
791 1034 909 1101 flumen,
924 1031 974 1090 sed
988 1030 1113 1109 pondere

167 1114 230 1191 ipso
256 1112 384 1182 stabiles,
412 1112 533 1189 dejectis
560 1112 729 1183 rectoribus,
753 1110 915 1189 quaerendis
939 1111 1113 1189 pedetentim
1124 1117 1162 1173 10

167 1191 250 1249 vadis
263 1192 294 1249 in
308 1200 416 1249 terram
431 1210 560 1249 evasere.

208 1269 320 1329 XXIX.
342 1268 422 1328 Dum
443 1270 589 1347 elephanti
610 1270 806 1347 trajiciuntur,
827 1270 943 1327 interim
963 1267 1112 1328 Hannibal

167 1349 315 1408 Numidas
340 1350 452 1427 equites
475 1351 647 1427 quingentos
668 1349 704 1406 ad
725 1359 821 1407 castra
842 1347 975 1407 Romana
994 1350 1114 1407 miserat
1180 1389 1183 1397 ·

166 1429 361 1505 speculatum,
376 1429 425 1487 ubi
439 1438 467 1487 et
488 1438 604 1506 quantae
618 1428 709 1504 copiae
722 1438 818 1485 essent
831 1437 860 1484 et
877 1426 946 1503 quid
966 1436 1111 1504 pararent.

166 1508 248 1566 Huic
274 1507 328 1566 alae
353 1509 482 1586 equitum
510 1508 600 1578 missi,
625 1516 656 1564 ut
682 1516 748 1564 ante
772 1506 955 1575 dictumest,
980 1506 1016 1563 ab
1042 1506 1113 1563 ostio
1125 1512 1162 1567 15

166 1588 302 1667 Rhodani
317 1588 438 1645 trecenti
453 1586 771 1662 Romanorumequites
781 1593 949 1643 occurrunt.
972 1583 1113 1642 Proelium

167 1668 295 1725 atrocius
309 1686 398 1743 quam
418 1686 469 1743 pro
483 1684 604 1723 numero
617 1665 810 1743 pugnantium
823 1663 936 1721 editur:
957 1681 1026 1721 nam
1041 1680 1112 1739 prae-

166 1756 212 1804 ter
225 1746 319 1804 multa
332 1745 455 1803 vulnera
475 1745 569 1803 caedes
590 1746 677 1801 etiam
701 1762 788 1821 prope
809 1761 863 1819 par
883 1743 1027 1819 utrimque
1048 1741 1112 1813 fuit,

167 1825 296 1903 fugaque
321 1834 350 1883 et
377 1844 466 1901 pavor
489 1823 686 1883 Numidarum
709 1822 848 1881 Romanis
866 1822 930 1898 jam
959 1821 1113 1880 admodum

166 1904 251 1963 fessis
276 1904 427 1963 victoriam
452 1903 539 1961 dedit.
593 1901 728 1961 Victores
752 1902 788 1960 ad
812 1912 930 1960 centum
951 1902 1111 1979 sexaginta,
1122 1908 1162 1964 20

165 2002 222 2041 nec
251 2002 351 2042 omnes
379 1982 503 2041 Romani
530 1980 581 2040 sed
608 2000 675 2060 pars
702 1980 866 2050 Gallorum,
889 1981 959 2039 victi
986 1980 1113 2057 amplius

166 2062 286 2121 ducenti
301 2061 480 2121 ceciderunt.
513 2061 578 2120 Hoc
593 2060 768 2138 principium
781 2060 869 2118 simul
882 2078 1024 2136 omenque
1033 2058 1111 2129 belli,

167 2152 200 2200 ut
226 2161 350 2199 summae
376 2159 474 2199 rerum
501 2160 668 2218 prosperum
696 2150 843 2209 eventum,
871 2139 912 2197 ita
938 2138 1015 2196 haud
1042 2156 1112 2196 saue

165 2222 351 2279 incruentam
384 2221 575 2298 ancipitisque
602 2220 769 2277 certaminis
796 2219 946 2278 victoriam
974 2216 1113 2276 Romanis

165 2300 320 2378 portendit.
356 2298 404 2371 Ut,
412 2305 449 2358 ‘re
463 2300 504 2357 ita
517 2310 607 2377 gesta,
620 2298 655 2357 ad
671 2309 826 2376 utrumque
840 2298 946 2358 ducem
960 2298 1006 2356 sui
1020 2297 1110 2356 redie-
1122 2304 1162 2359 25

166 2389 244 2450 runt,
259 2397 315 2437 neo
330 2378 457 2456 Scipioni
477 2388 554 2437 stare
568 2380 710 2439 sententia
731 2387 849 2457 poterat,
864 2378 922 2436 nisi
942 2387 974 2435 ut
994 2396 1031 2434 ex
1045 2396 1111 2435 con-

166 2460 240 2517 siliis
254 2458 415 2535 coeptisque
434 2458 522 2516 hostis
535 2468 564 2517 et
584 2459 644 2536 ipse
658 2469 779 2517 conatus
794 2466 910 2532 caperet
919 2477 929 2530 ;
951 2466 980 2514 et
1000 2455 1111 2514 Hanni-

168 2538 264 2595 balem
279 2538 432 2608 incertum,
447 2547 545 2595 utrum
558 2547 688 2613 ooeptum
702 2538 732 2593 in
746 2535 860 2593 ltaliam
873 2535 1034 2593 intenderet
1047 2536 1111 2604 iter,

167 2635 205 2675 an
220 2635 291 2674 eum
305 2636 348 2687 eo,
363 2617 414 2693 qui
434 2617 544 2693 primus
565 2636 597 2674 se
617 2615 767 2678 obtulisset
787 2613 937 2671 Romanus
957 2613 1110 2682 exercitus,

166 2714 273 2753 manus
298 2704 470 2766 consereret,
486 2696 589 2753 avertit
610 2714 629 2751 a
650 2692 784 2771 praesenti
797 2692 956 2750 certamine
975 2689 1112 2748 Boiorum
1123 2697 1161 2752 3⁰
1239 2738 1247 2751 .

166 2773 332 2852 legatorum
346 2774 497 2851 regulique
517 2772 629 2851 Magali
643 2772 793 2842 adventus,
808 2771 858 2847 qui
879 2789 910 2828 se
927 2770 1017 2827 duces
1030 2770 1111 2827 itine-

167 2873 244 2925 rum,
255 2854 347 2912 sooios
355 2853 480 2929 periculi
492 2852 552 2911 lore
564 2852 746 2925 affirmantes,
751 2851 861 2928 integro
875 2849 957 2919 bello,
968 2868 1112 2927 nusquam

168 2943 235 2990 ante
250 2932 347 2991 libatis
361 2933 471 2991 viribus
484 2932 598 2991 Italiam
614 2930 839 3010 aggrediendam
852 2939 981 2989 censent.
1014 2928 1112 2988 Multi-

168 3011 240 3071 tudo
252 3011 373 3070 timebat
385 3011 504 3087 quidem
517 3012 635 3081 hostem,
650 3007 778 3069 nondum
791 3010 954 3068 oblitterata
974 3010 1113 3068 memoria

168 3092 327 3169 superioris
348 3090 438 3163 belli;
461 3090 511 3149 sed
534 3091 626 3168 magis
649 3090 705 3147 iter
727 3086 1161 3167 immensum'Alpesque—db

170 3188 232 3227 rem
247 3169 326 3227 sarna
340 3170 440 3245 utique
454 3170 610 3245 inexpertis
623 3168 992 3227 horrendam-metuebat.

211 3248 308 3309 XXX.
330 3246 431 3325 ltaque
446 3247 603 3317 Hannibal,
624 3258 774 3325 postquam
799 3247 853 3324 ipsi
874 3248 1016 3304 sententia
1036 3248 1113 3306 stetit

170 3347 291 3405 pergere
306 3328 349 3385 ire
364 3339 450 3404 atque
466 3326 580 3385 Italiam
597 3337 702 3403 petere,
715 3326 855 3385 advocata
868 3325 1015 3395 concione,
1030 3326 1112 3383 varie

171 3408 296 3465 militurn
310 3417 408 3464 versat
429 3407 539 3463 animos
552 3406 720 3484 castigando
742 3403 991 3480 adhortandoque:
1013 3404 1112 3461 mirari

170 3505 211 3555 se,
226 3486 348 3563 quinam
370 3495 485 3562 pectora
499 3504 612 3561 semper
631 3484 776 3562 impavida
797 3501 900 3559 repens
920 3484 1012 3540 terror
1031 3483 1111 3540 iuva·
1122 3489 1159 3546 dt]

170 3566 258 3622 serit:
281 3582 333 3641 per
354 3574 394 3623 tot
407 3582 496 3622 annos
511 3564 659 3623 vincentes
673 3583 722 3621 eos
736 3562 876 3640 stipendia
897 3560 1003 3631 facere,
1018 3580 1113 3637 neque

171 3653 235 3701 ante
250 3642 394 3720 Hispania
408 3644 566 3701 excessisse
580 3662 668 3720 quarn
682 3660 781 3699 omnes
795 3649 953 3718 gentesque
967 3650 995 3697 et
1016 3650 1111 3713 terrae,

170 3740 243 3798 quas
267 3722 325 3780 duo
347 3723 462 3780 diversa
480 3723 573 3779 maria
594 3721 813 3797 amplectantur,
828 3718 1113 3797 Carthaginiensium

170 3810 282 3865 essent:
318 3802 480 3880 indignatos
507 3800 618 3869 deinde,
640 3798 726 3876 quod,
749 3800 925 3876 quicumque
949 3799 1113 3875 Saguntum
