2717 4292
204 286 255 346 221
619 297 678 337 τιτι
700 297 774 337 mvn

253 429 369 488 Albano
391 447 469 507 agro,
492 427 601 486 Albani
622 447 659 486 ex
684 426 824 495 Romano,
846 423 959 501 praedas
972 424 1003 481 in
1023 423 1121 482 vicem
1135 441 1207 501 aga.

253 519 326 567 rent.
368 507 553 584 imperitabat
574 517 637 564 tum
652 505 746 564 Gaius
765 504 893 563 Cluilius
907 504 1004 561 Albae.
1046 503 1206 578 Utrimque

253 588 341 665 legati
355 586 415 646 sere
430 588 484 644 sub
498 587 574 644 idem
588 595 702 661 tempus
715 584 752 641 ad
766 602 813 641 res
822 582 992 659 repetendas
1006 583 1097 640 missi.
1129 581 1206 640 Tul-

252 667 300 724 lus
314 675 490 743 praeceperat
504 667 574 735 suis,
585 684 622 721 ne
636 663 707 740 quid
721 663 802 739 prius
811 681 901 739 quam
912 661 1049 719 mandata
1063 671 1206 739 agerent:

224 746 323 804 beatis
343 745 452 802 sciebat
472 755 647 822 negaturum
662 743 832 800 Albanum:
853 741 892 797 ita
914 741 961 816 pie
982 741 1091 798 bellum
1112 741 1207 800 indici

254 845 345 902 posse.
388 824 436 881 Ab
451 824 572 881 Albanis
592 821 741 880 socordius
759 839 806 877 res
825 829 910 877 acta:
942 820 1056 896 excepti
1080 821 1207 896 hospitio

254 905 290 961 ab
306 903 394 961 Tullo
408 903 512 960 blande
527 922 562 960 ac
582 901 718 977 benigne,
733 900 853 957 comiter
873 899 951 975 regis
972 899 1140 956 convivium
1155 919 1205 956 ce·

253 984 376 1040 lebrant.
418 981 576 1058 Tantisper
600 980 724 1037 Romani
746 988 775 1036 et
799 997 846 1035 res
867 977 1061 1053 repetiverant
1082 978 1206 1054 priores,

253 1071 281 1120 et
301 1061 418 1138 neganti
433 1061 549 1118 Albano
563 1059 673 1116 bellum
688 1059 717 1115 in
731 1058 912 1116 tricesimum
926 1055 1003 1113 diem
1024 1056 1204 1116 indixerant.

209 1138 328 1199 10Hae0
342 1140 507 1197 renuntiant
528 1138 627 1195 Tullo.
670 1137 750 1194 Tum
769 1136 874 1214 legatis
895 1135 1004 1193 Tullus
1017 1135 1133 1193 dicendi
1154 1155 1205 1212 po-

253 1229 394 1289 testatem,
404 1218 473 1295 quid
487 1226 615 1295 petentes
623 1217 763 1286 venerint,
774 1214 853 1273 feeit.
882 1213 939 1285 Illi,
953 1214 1083 1272 omnium
1097 1214 1206 1291 ignari,

254 1301 380 1376 primum
401 1296 550 1375 purgando
572 1305 669 1354 terunt
689 1304 822 1372 tempus:
851 1313 882 1352 se
906 1293 1012 1351 invitos
1031 1293 1205 1369 quidquam,

253 1377 329 1454 quod
351 1377 447 1434 miuus
469 1375 582 1452 placeat
604 1374 703 1444 Tullo,
718 1374 854 1443 dicturos,
876 1372 927 1430 sed
947 1373 1069 1450 imperio
1087 1373 1205 1450 subigi:

254 1475 301 1515 res
322 1456 474 1534 repetitum
494 1475 526 1512 se
547 1454 678 1512 venisse:
700 1453 731 1510 ni
754 1452 919 1521 reddantur,
942 1450 1053 1509 bellum
1073 1451 1206 1510 indicenc

207 1535 244 1590 15
252 1536 356 1614 jussos.
400 1534 455 1592 Ad'
470 1535 533 1592 haec
547 1527 656 1590 Tullus
676 1530 854 1589 “nuntiate''
869 1531 963 1608 inquit
980 1532 1072 1608 “regi
1093 1540 1204 1602 vestro,

255 1633 354 1693 regem
365 1614 531 1672 Romanum
545 1611 613 1669 deos
624 1610 722 1669 facere
736 1620 832 1680 testes,
844 1620 909 1668 uter
922 1610 1004 1687 prius
1018 1609 1143 1687 populus
1157 1628 1206 1668 res

255 1703 415 1771 repetentes
435 1693 546 1768 legatos
561 1699 731 1767 aspernatus
744 1689 893 1758 dimiserit,
909 1698 941 1746 ut
961 1690 992 1745 in
1014 1709 1083 1747 eum
1102 1707 1206 1748 omnes

254 1779 390 1848 expetant
413 1770 535 1846 hujusce
559 1769 658 1826 clades
680 1767 784 1826 belli.''
826 1767 936 1826 XXIII.
969 1767 1044 1826 Haec
1068 1769 1208 1827 nuntiant

255 1849 371 1907 domum
386 1848 506 1907 Albani.
548 1847 588 1906 Et
602 1849 712 1905 bellum
726 1848 871 1924 utrimque
885 1866 1000 1904 summa
1013 1867 1067 1924 ope
1082 1847 1206 1924 paraba.

206 1929 245 1984 20
255 1939 311 2000 tur,
327 1929 407 1987 civili
421 1927 600 1986 simillimum
614 1927 699 1998 bello,
716 1945 802 2004 prope
817 1927 892 1984 inter
905 1936 1039 2003 parentes
1052 1936 1206 2003 natosque,

255 2008 413 2085 Trojanam
426 2018 579 2083 utramque
594 2007 713 2082 prolem,
729 2025 798 2064 cum
819 2004 977 2063 Lavinium
992 2006 1029 2062 ab
1050 2004 1151 2081 Troja,
1167 2006 1207 2063 ab

255 2087 378 2146 Lavinio
399 2087 487 2157 Alba,
510 2087 546 2143 ab
568 2086 753 2144 Albanorum
775 2085 863 2161 stirpe
883 2103 986 2160 regum
1008 2084 1124 2142 oriundi
1146 2085 1205 2143 Ro·

255 2167 334 2224 mani
358 2175 462 2224 essent.
518 2165 650 2223 Eventus
673 2174 771 2222 tamen
793 2163 862 2221 belli
884 2165 982 2220 minus
1005 2163 1205 2222 miserabilem

255 2245 468 2303 dimicationem
483 2243 568 2316 fecit3
591 2243 667 2320 quod
681 2263 737 2301 nec
752 2244 815 2302 acie
834 2252 978 2301 certatum
993 2252 1045 2313 est,
1061 2253 1099 2313 et,
1119 2244 1206 2302 tectis

206 2324 338 2382 25modo
356 2324 457 2382 dirutis
479 2322 597 2382 alterius
618 2323 707 2393 urbis,
729 2323 786 2380 duo
806 2322 903 2398 populi
924 2323 955 2378 in
975 2340 1067 2378 unum
1088 2321 1206 2380 confusi

256 2413 332 2461 sunt.
355 2403 464 2461 Albani
478 2404 587 2480 priores
601 2403 712 2479 ingenti
725 2402 858 2458 exercitu
872 2402 902 2458 in
917 2419 1021 2478 agrum
1037 2401 1206 2459 Romanum

255 2483 394 2560 impetum
410 2481 516 2540 fecere.
539 2480 643 2539 Castra
658 2481 695 2538 ab
709 2481 781 2538 urbe
795 2480 873 2538 haud
887 2481 953 2556 plus
966 2481 1095 2557 quinque
1110 2481 1206 2538 millia

255 2581 394 2639 passuum
403 2561 508 2632 locant,
521 2559 598 2618 fossa
611 2559 811 2618 circumdant:
833 2559 910 2617 fossa
923 2557 1025 2616 Cluilii
1040 2560 1076 2616 ab
1086 2561 1205 2617 nomine

255 2641 338 2700 ducis
358 2660 411 2719 per
421 2640 533 2719 aliquot
553 2640 664 2698 saecula
679 2639 823 2716 appellata
843 2648 895 2708 est,
910 2637 1001 2696 donee
1022 2657 1092 2696 cum
1107 2657 1139 2696 re
1154 2657 1204 2696 no·

206 2719 322 2778 30men
346 2739 460 2796 quoque
482 2728 625 2777 vetustate
650 2719 785 2776 abolevit.
827 2717 861 2776 In
886 2718 931 2774 his
951 2718 1056 2775 castris
1076 2717 1205 2776 Cluilius

256 2799 390 2856 Albanus
413 2816 464 2855 rex
485 2797 622 2854 moritur:
643 2797 812 2854 dictatorem
833 2797 943 2855 Albani
964 2795 1099 2854 Mettium
1114 2796 1204 2855 Fufe-

254 2877 328 2933 tium
341 2885 451 2933 creant.
493 2873 613 2933 Interim
627 2874 736 2933 Tullus
747 2874 837 2946 ferox,
849 2876 994 2954 praecipue
1009 2885 1100 2933 morte
1115 2876 1204 2954 regis,

255 2973 451 3032 magnumque
466 2954 585 3012 deorum
598 2972 717 3024 numen,
727 2954 763 3011 ab
777 2955 839 3031 ipso
853 2955 946 3031 eapite
960 2972 1068 3025 orsum,
1078 2955 1109 3011 in
1117 2974 1205 3014 omne

255 3051 359 3091 nomen
382 3033 532 3091 Albanum
552 3034 745 3110 expetiturum
767 3053 868 3110 poenas
888 3033 924 3091 ob
947 3033 1058 3091 bellum
1080 3034 1205 3111 impium

134 3138 137 3142 ·
207 3113 245 3168 ³5
256 3112 398 3182 dictitans,
413 3122 505 3182 nocte,
520 3112 670 3190 praeteritis
685 3112 810 3170 hostium
824 3114 935 3183 castris,
951 3111 1055 3170 infesto
1070 3114 1204 3172 exercitu

256 3192 286 3248 in
312 3209 416 3268 agrum
440 3191 590 3249 Albanum
613 3192 716 3270 pergit.
758 3191 805 3249 Ea
829 3210 876 3249 res
897 3192 934 3248 ab
957 3192 1070 3250 stativis
1093 3193 1204 3252 excivit

256 3269 407 3328 Mettium:
439 3270 527 3340 ducit,
545 3289 633 3347 quam
656 3270 785 3347 proxime
800 3270 836 3327 ad
856 3271 1089 3347 hostempotest.
1131 3269 1204 3329 Inde

255 3349 384 3428 legatum
405 3350 585 3428 praemissum
605 3351 740 3408 nuntiare
762 3349 852 3407 Tullo
868 3350 961 3426 jubet,
976 3351 1147 3426 priusquam
1161 3349 1203 3406 di-

255 3430 370 3501 micent,
385 3449 457 3506 opus
471 3449 534 3486 esse
548 3429 708 3504 colloquio:
729 3429 754 3486 si
768 3447 869 3486 secum
884 3447 1058 3507 congressus
1071 3429 1117 3497 sit,
1132 3428 1205 3486 satis

206 3508 245 3564 40
255 3510 338 3579 scire,
350 3529 386 3568 ea
399 3529 430 3567 se
442 3507 608 3578 allaturum,
620 3527 686 3584 quae
700 3493 790 3564 nihilo
803 3508 899 3564 minus
913 3506 949 3564 ad
964 3526 1026 3565 rem
1039 3507 1204 3565 Romanam

254 3606 343 3663 quam
357 3587 393 3645 ad
414 3588 562 3645 Albanam
576 3587 746 3663 pertineant.
789 3584 876 3643 Haud
898 3595 1068 3663 aspernatus
1082 3585 1204 3658 Tullus,

187 3665 193 3678 '
254 3667 368 3724 tametsi
382 3685 458 3724 vana
472 3665 675 3735 afferebantur,
691 3667 722 3722 in
739 3664 832 3722 aciem
846 3664 953 3723 educit.
995 3665 1114 3723 Exeunt
1135 3683 1203 3722 oon-

254 3752 342 3802 :raet
362 3745 481 3802 Albani.
523 3743 680 3821 Postquam
694 3744 797 3804 structi
821 3745 967 3821 utrimque
982 3744 1105 3813 stabant,
1130 3763 1203 3802 oum

255 3824 357 3900 paucis
381 3839 533 3900 procerum
554 3823 585 3880 in
610 3823 736 3881 medium
758 3821 848 3881 duces
869 3823 1020 3900 prodeunt.
1070 3822 1115 3882 Ibi
1138 3823 1203 3882 iniit
