2717 4292
480 333 568 375 nmaa
588 333 611 374 1.
652 333 719 375 aar.
737 334 842 377 miv.
1120 323 1162 386 29

154 483 240 525 muro
263 464 369 534 solum,
383 462 435 521 sed
454 464 553 535 etiam,
574 465 610 522 ob
629 466 860 525 commoditatem
884 467 1006 539 itineris,
1026 478 1113 540 ponte

154 545 289 614 sublicio,
299 555 362 602 turn
374 544 501 620 primum
512 545 543 600 in
555 543 657 602 Tiberi
666 545 752 616 facto,
762 547 900 624 conjungi
912 549 978 605 urbi
988 548 1111 625 placuit.

155 623 320 690 Quiritium
346 643 463 699 quoque
490 621 575 694 fossa,
598 624 677 681 haud
705 645 829 702 parvum
857 628 1069 685 munimentum
1093 647 1113 686 a

154 704 338 781 planioribus
366 703 447 760 aditu
475 702 555 773 locis,
578 703 657 761 Anci
686 707 766 782 regis
791 725 865 781 opus
891 717 945 764 est.
995 707 1111 785 Ingenti

153 784 337 840 incremento
359 783 447 839 rebus
468 783 572 851 auctis,
587 802 656 839 curn
670 784 702 840 in
715 795 798 842 tanta
818 785 1004 844 multitudine
1018 788 1110 844 homi·
1139 790 1160 844 5

153 881 237 932 nuru,
252 861 421 919 discrimine
433 872 513 919 recte
527 880 564 918 an
578 881 733 939 perperam
746 863 818 922 sacti
833 864 964 934 confuso,
980 865 1111 924 facinora

153 941 338 1000 clandestina
351 941 464 1010 fierent,
479 959 583 999 carcer
597 942 634 998 ad
654 952 795 1001 terrorem
809 945 1002 1003 increscentis
1021 945 1110 1002 auda-

153 1021 213 1079 oiae
236 1021 332 1078 media
355 1021 438 1090 urbe,
459 1021 617 1078 imminens
641 1021 703 1080 soro
729 1023 902 1082 edificatur.
944 1024 1012 1082 Nec
1040 1025 1111 1082 urbs

153 1110 270 1158 tantum
292 1101 347 1157 hoc
369 1118 439 1176 rege
461 1101 562 1170 crevit,
583 1100 745 1159 sedetiam
765 1121 838 1180 ager
857 1103 1007 1179 finesque:
1034 1103 1112 1163 silva

154 1179 258 1236 Maesia
273 1179 448 1237 Veientibus
462 1179 604 1256 adempta,
621 1199 715 1258 usque
729 1181 767 1239 ad
780 1201 862 1239 mare
876 1182 1033 1259 imperium
1047 1202 1110 1260 pro·
1122 1183 1158 1239 10

154 1259 258 1329 latum,
274 1268 303 1317 et
323 1259 355 1315 in
375 1277 425 1317 ore
440 1258 557 1316 Tiberis
572 1259 657 1318 Ostia
671 1261 742 1318 urbs
754 1261 888 1321 condita:
908 1262 1012 1320 salinae
1028 1264 1111 1321 circa

154 1338 250 1408 faotae,
265 1340 444 1416 egregieque
464 1338 553 1396 rebus
574 1339 651 1397 bello
672 1341 772 1416 gestis,
792 1340 862 1398 adis
881 1340 964 1400 Levis
984 1341 1110 1400 Feretrii

155 1419 347 1494 amplificata.

197 1497 340 1556 XXXIV.
364 1498 450 1555 Anco
464 1507 615 1576 regnante,
631 1496 769 1556 Lucumo
783 1498 829 1555 vir
848 1498 974 1576 impiger
987 1517 1024 1557 ac
1037 1499 1109 1556 divi.

154 1577 203 1635 tiis
217 1588 328 1654 potens,
344 1577 468 1634 Romam
482 1579 695 1654 commigravit,
711 1577 849 1655 cupidine
869 1579 996 1636 manime
1010 1597 1046 1636 ac
1059 1597 1110 1654 spe
1125 1583 1159 1637 15

155 1657 256 1734 magni
283 1657 410 1724 honoris,
435 1656 522 1732 cujus
550 1656 730 1733 adipiscendi
760 1656 1041 1733 Tarquiniis-nam
1069 1659 1110 1714 ibi

154 1754 270 1813 quoque
291 1737 447 1812 peregrina
461 1737 550 1812 stirpe
570 1736 712 1794 oriundus
732 1735 962 1795 erat—facultas
974 1755 1033 1795 non
1047 1736 1109 1796 suc·

153 1825 211 1873 rat.
253 1815 407 1874 Demarati
431 1815 574 1874 Corinthii
601 1817 681 1874 iilius
708 1826 782 1886 erat,
805 1817 866 1892 qui,
890 1817 927 1874 ob
954 1816 1109 1874 seditiones

152 1894 238 1952 domo
258 1894 410 1972 profugus,
432 1915 502 1953 cum
523 1895 695 1972 Tarquiniis
715 1895 787 1954 forte
808 1896 995 1965 consedisset,
1017 1915 1108 1954 uxore

153 1975 195 2032 ibi
209 1975 309 2044 ducta,
324 1975 397 2032 duos
410 1975 486 2032 filios
505 1976 617 2052 genuit.
660 1975 791 2032 Nomina
810 1975 856 2032 his
870 1973 1007 2033 Lucumo
1020 1986 1108 2052 atque
1117 1975 1159 2032 20

154 2054 277 2112 Arruns
288 2053 418 2112 fuerunt.
454 2052 596 2112 'Lucumo
611 2054 757 2131 superfuit
769 2054 854 2130 patri,
863 2054 1005 2112 bonorum
1017 2055 1108 2111 omni.

153 2153 207 2191 um
226 2134 322 2205 heres,
337 2135 456 2190 Arruns
476 2135 553 2210 prior
570 2152 659 2208 quam
681 2144 764 2210 pater
783 2134 915 2204 moritur,
931 2152 1023 2190 uxore
1042 2151 1108 2210 gra-

154 2213 224 2270 vide
245 2213 360 2271 relicta.
401 2213 469 2270 Nec
491 2213 541 2270 diu
563 2225 662 2272 manet
683 2223 831 2290 superstes
852 2214 913 2271 filio
933 2223 1032 2290 pater:
1056 2208 1108 2289 qui

154 2311 226 2350 cum
240 2293 380 2369 ignorans
397 2311 507 2349 nurum
520 2303 652 2350 ventrem
667 2291 754 2363 ferre,
769 2295 921 2351 immemor
933 2294 964 2349 io
978 2293 1108 2351 testando

153 2373 267 2449 nepotis
287 2372 468 2442 decessisset,
484 2390 574 2449 puero
588 2383 651 2449 post
665 2374 715 2430 avi
734 2383 856 2430 mortem
877 2374 908 2430 in
921 2371 1035 2429 nullam
1048 2390 1107 2430 sor-
1116 2372 1158 2428 2⁵

153 2461 214 2510 tem
238 2452 381 2509 bonorum
407 2462 485 2522 neto,
513 2452 550 2508 ab
577 2453 673 2528 iuopia
701 2452 811 2530 Egerio
837 2451 961 2509 inditum
988 2468 1105 2508 nomen.

155 2529 326 2589 Lucumoni
346 2540 456 2601 contra,
473 2531 604 2589 omnium
624 2531 723 2589 heredi
745 2533 896 2599 bonorum,
911 2549 980 2587 cum
1000 2529 1108 2585 divitiae

152 2610 215 2688 jam
229 2611 343 2668 animos
364 2608 502 2679 facerent,
518 2610 601 2667 auxit
614 2610 704 2666 ducta
723 2610 755 2665 in
775 2609 993 2665 matrimonium
1008 2607 1106 2664 Tana-
1211 2650 1216 2654 .

153 2690 227 2766 quil,
242 2708 359 2746 summo
379 2689 442 2747 loco
456 2700 534 2760 nata,
549 2699 579 2746 et
592 2707 658 2764 quae
679 2687 758 2744 haud
779 2686 866 2744 facile
886 2685 942 2756 his,
956 2685 987 2742 iu
1001 2684 1108 2760 quibus

50 2779 52 2784 '
154 2778 226 2826 nata
240 2778 312 2839 erat,
324 2769 480 2828 humiliora
493 2770 603 2826 sineret
616 2786 661 2837 ea,
673 2767 780 2842 quibus
792 2765 979 2841 innupsisset.
1021 2763 1159 2840 Sper-30

154 2849 293 2906 uentibus
328 2848 463 2906 Etruscis
490 2848 705 2916 Lucumonem,
733 2845 834 2904 exsule
861 2845 976 2902 adrem
1001 2853 1106 2914 ortum,

154 2927 233 2986 ferre
247 2927 461 3004 indignitatem
488 2947 545 2987 uon
573 2928 674 3004 potuit,
697 2927 844 3002 oblitaque
871 2924 1009 3002 ingenitae
1035 2941 1108 3001 erga

153 3009 281 3084 patriam
295 3008 434 3077 caritatis,
446 3007 602 3065 dummodo
611 3007 709 3063 virum
723 3006 895 3064 honoratum
906 3003 1028 3074 videret,
1039 3020 1106 3061 con-

153 3086 256 3145 silium
280 3085 427 3164 migrandi
450 3087 487 3144 ab
512 3085 684 3162 Tarquiniis
705 3086 791 3162 cepit.
834 3083 929 3142 Roma
951 3092 996 3143 est
1019 3080 1108 3140 adid
1209 3159 1213 3162 ἢ

152 3166 337 3243 potissimum
360 3167 442 3224 visa:
473 3167 504 3224 in
528 3185 602 3224 novo
626 3166 740 3242 populo,
762 3165 814 3222 ubi
836 3164 931 3220 omnis
956 3162 1157 3239 repentinadd

154 3255 244 3322 atque
268 3265 306 3302 ex
333 3247 441 3304 virtute
465 3246 602 3303 nobilitas
628 3245 674 3314 sit,
697 3245 829 3302 futurum
856 3243 955 3299 locum
980 3240 1047 3298 sorti
1070 3258 1107 3296 ac

153 3334 275 3382 strenuo
299 3325 380 3382 viro:
410 3343 549 3403 regnasse
572 3323 693 3382 Tatium
714 3323 866 3391 Sabinum,
881 3321 1054 3389 arcessitam
1076 3317 1107 3373 in

153 3421 282 3481 regnum
310 3404 444 3462 Numam
471 3424 489 3461 a
516 3403 653 3473 Curibus,
675 3414 705 3460 et
729 3403 849 3458 Ancum
877 3399 987 3455 Sabina
1014 3405 1107 3451 matre

153 3495 260 3554 ortum,
272 3484 458 3560 nobilemque
472 3503 532 3540 uua
546 3483 674 3558 imagine
689 3481 720 3540 N
722 3497 799 3537 umae
811 3496 886 3534 esse.
928 3473 1030 3532 Facile
1044 3491 1106 3547 per-

153 3563 268 3632 suadet,
293 3573 327 3620 ut
351 3563 457 3640 cupido
483 3563 634 3631 honorum,
659 3572 689 3619 et
715 3559 766 3619 cui
794 3554 949 3631 Tarquinii
976 3551 1157 3609 matemaiil

155 3651 269 3700 tantum
288 3643 385 3719 patria
412 3652 505 3700 esset:
533 3641 654 3700 sublatis
676 3641 774 3715 itaque
795 3634 892 3719 rebus,
912 3632 1106 3710 commigrant

155 3717 292 3779 Romam.
337 3722 387 3778 Ad
401 3721 571 3780 Janiculum
594 3720 665 3778 forte
684 3727 804 3778 ventum
825 3723 904 3771 erat:
926 3713 968 3770 ibi
988 3713 1026 3782 ei,
1041 3729 1103 3804 car-

155 3811 240 3878 pento
254 3801 369 3860 sedenti
383 3820 452 3859 cum
466 3820 565 3872 uxore,
581 3800 681 3877 aquila
700 3793 849 3873 suspensis
861 3793 987 3852 demissa
1004 3791 1109 3851 leviter

155 3878 220 3952 ulis,
235 3879 348 3959 pileum
362 3879 468 3952 aufert,
481 3897 627 3958 superque
640 3885 813 3956 carpentum
825 3891 896 3931 cum
907 3890 1014 3950 magno
1028 3865 1107 3927 clan-
