2717 4292
231 285 291 349 166
641 293 701 334 rrrr
722 291 796 334 mvn

276 427 369 508 pridie
394 446 484 504 quam
511 427 667 504 rogationis
695 421 818 482 ferendis
845 399 1052 492 dies'adesset
1074 431 1160 482 nocte
1185 422 1227 484 ad

276 507 438 566 exercitum
452 507 532 564 abiit.
572 505 655 564 Luce
676 512 749 573 orta,
764 520 832 560 oum
853 501 945 578 plebis
960 501 1117 560 concilium
1137 512 1227 574 esset,

277 587 370 663 magis
390 587 479 644 tacita
498 585 608 642 invidia
621 583 768 641 dictatoris
789 580 926 656 favorque
941 580 1072 656 magistri
1093 583 1227 657 equitum

278 667 389 723 animos
412 665 555 734 versabat,
580 682 670 740 quam
690 661 761 718 satis
782 660 926 717 audebant
946 659 1077 718 homines
1098 661 1135 718 ad
1159 680 1226 718 sua·
1333 647 1353 722 ἦ

248 743 498 818 ὅάθυάυιῐι,,ᾳυοά
508 744 597 820 vulgo
610 741 745 819 placebat
758 739 881 816 prodire,
893 748 931 808 et,
946 737 1045 796 savore
1058 750 1226 816 superante,

278 825 435 882 auctoritas
458 832 556 880 tamen
580 820 721 898 rogationi
748 818 858 876 deerat.
913 816 998 876 Unus
1021 818 1159 876 inventus
1182 829 1230 880 est

278 921 381 960 suasor
400 903 476 979 legis
497 901 532 960 C.
547 901 704 958 Terentius
718 897 824 966 Varro,
838 897 889 973 qui
910 896 1004 973 priore
1027 915 1103 954 anno
1122 907 1227 974 praetor

280 981 384 1052 fuerat,
409 982 549 1044 loconon
569 979 673 1037 humili
692 977 795 1046 solum,
811 977 862 1034 sed
886 977 973 1033 etiam
997 975 1120 1046 sordido,
1133 986 1225 1054 ortua.

280 1061 395 1118 Patrem
419 1059 531 1117 lanium
559 1059 648 1117 fuisse
677 1056 782 1126 ferunt,
806 1056 901 1131 ipsum
925 1055 1084 1112 institorem
1108 1057 1226 1126 mercis,

231 1140 397 1215 10filioque
419 1138 475 1196 hoo
497 1140 559 1215 ipso
580 1138 611 1195 in
632 1136 751 1194 servilia
773 1135 837 1210 ejus
858 1135 927 1192 artis
945 1135 1106 1192 ministeria
1127 1154 1226 1192 usum.

280 1218 391 1277 XXVI.
413 1217 443 1276 Is
466 1217 595 1295 juvenis,
622 1226 655 1274 ut
682 1216 810 1292 primum
836 1232 874 1271 ex
901 1233 936 1272 eo
963 1232 1070 1290 genere
1097 1224 1228 1289 quaestus

278 1298 403 1375 pecunia
416 1316 436 1355 a
448 1306 529 1373 patre
543 1297 646 1354 relicta
656 1296 766 1354 animos
775 1292 813 1351 ad
826 1311 907 1369 spem
920 1291 1093 1351 liberalioris
1103 1292 1228 1350 fortunae

280 1375 357 1446 iecit,
367 1386 493 1453 togaque
507 1385 537 1434 et
550 1373 646 1432 forum
658 1374 807 1450 placuere,
822 1370 1026 1448 proclamando
1040 1390 1091 1448 pro
1104 1371 1228 1430 sordidis

279 1453 444 1514 hominibus
466 1455 622 1531 causisque
647 1453 788 1510 adversus
810 1470 873 1508 rem
900 1460 930 1509 et
956 1449 1065 1508 famam
1086 1451 1228 1509 bonorum

233 1543 270 1597 15
280 1536 406 1611 primum
425 1535 457 1592 in
480 1534 611 1593 notitiam
635 1532 743 1610 populi,
758 1529 860 1588 deinde
883 1529 919 1588 ad
942 1529 1064 1588 honores
1078 1531 1227 1606 pervenit:

280 1624 484 1690 quaesturaque
506 1623 536 1672 et
555 1613 668 1670 duabus
690 1609 1027 1685 aedilitatibus-plebeia
1041 1619 1070 1668 et
1088 1609 1229 1667 curuli-

280 1704 422 1770 postremo
443 1703 472 1750 et
492 1702 619 1769 praetura
632 1689 812 1768 perfunctus,
830 1689 892 1764 jam
906 1688 943 1745 ad
962 1687 1132 1747 consulatus
1146 1707 1228 1766 spem

280 1790 350 1829 cum
364 1771 506 1829 attolleret
520 1771 640 1840 animos,
655 1769 733 1827 haud
754 1787 857 1845 parum
875 1767 980 1825 callide
995 1787 1098 1824 auram
1120 1767 1228 1826 favoris

280 1850 426 1927 popularis
445 1869 484 1908 ex
503 1849 653 1907 dictatoria
672 1847 784 1906 invidia
803 1848 893 1924 petiit,
908 1847 1029 1922 scitique
1043 1846 1136 1922 plebis
1151 1866 1229 1906 unus

232 1931 405 2007 engratiam
428 1928 503 1988 tulit.
555 1928 666 1986 Omnes
688 1946 754 1985 eam
777 1928 963 2004 rogationem,
988 1926 1096 2002 quique
1125 1926 1229 1986 Romae

280 2011 389 2086 quique
402 2009 434 2066 in
446 2009 578 2067 exercitu
591 2017 683 2077 erant,
699 2008 775 2084 aequi
790 2016 876 2082 atque
896 2006 998 2081 iniqui,
1013 2015 1118 2082 praeter
1131 2007 1229 2082 ipsum

280 2089 458 2159 dictatorem,
469 2089 500 2145 in
514 2087 720 2146 contumeliam
734 2087 798 2163 ejus
819 2085 908 2160 latam
923 2095 1108 2161 aeceperunt.
1151 2085 1228 2161 lpse,

280 2186 340 2242 qua
359 2168 502 2244 gravitate
516 2167 606 2224 animi
624 2167 812 2224 criminantes
832 2184 864 2222 so
879 2164 915 2223 ad
938 2163 1153 2224 multitudinem
1173 2165 1228 2222 ini·

281 2246 371 2303 micos
391 2245 506 2315 tulerat,
521 2246 624 2303 eadem
638 2255 667 2303 et
689 2245 787 2322 populi
809 2245 840 2302 in
854 2264 886 2302 se
900 2244 1067 2302 saevientem
1087 2243 1228 2319 injuriam

232 2323 356 2394 tetulit,
376 2325 560 2401 acceptisque
584 2325 698 2400 inipso
718 2325 820 2381 itinere
841 2323 944 2382 litteris
964 2333 1081 2382 senatus
1102 2323 1229 2382 consulti

281 2402 317 2460 de
331 2413 444 2479 aequato
457 2405 587 2480 imperio,
599 2405 669 2461 satis
683 2403 784 2474 fidens,
794 2403 1019 2479 haudquaquam
1030 2422 1099 2460 cum
1113 2403 1229 2479 imperii

278 2481 347 2558 jure
360 2492 452 2540 artem
466 2482 626 2558 imperandi
639 2492 793 2558 aequatam‚
808 2500 934 2558 cumque
955 2482 1062 2540 invicto
1082 2503 1099 2540 a
1114 2483 1229 2542 civibus

281 2562 467 2638 hostibusque
481 2563 578 2621 animo
593 2562 628 2620 ad
643 2563 805 2620 exercitum
820 2561 914 2620 rediit.
1126 2577 1128 2581 ’

324 2641 449 2700 XXVII.
472 2641 622 2700 Minucius
644 2661 722 2710 vero,
737 2661 807 2700 cum
825 2641 888 2716 jam
910 2650 976 2699 ante
997 2640 1047 2698 vix
1068 2640 1229 2700 tolerabilis

233 2731 272 2786 80
283 2719 386 2779 fuisset
398 2721 534 2779 secundis
547 2722 636 2780 rebus
655 2741 691 2780 ao
706 2720 803 2778 favore
824 2721 915 2798 vulgi,
930 2730 992 2778 tum
1006 2721 1108 2796 utique
1129 2721 1229 2778 immo-

282 2800 347 2859 dice
356 2799 581 2878 immodesteque
595 2819 653 2858 non
662 2800 833 2858 Hannibale
847 2800 942 2878 magis
952 2800 1028 2858 victo
1043 2801 1079 2856 ab
1093 2819 1126 2857 se
1140 2818 1230 2876 quam

281 2878 322 2943 Q.
338 2878 430 2936 Fabio
442 2878 579 2955 gloriari:
600 2880 685 2937 illum
706 2881 736 2936 in
758 2880 844 2938 rebus
861 2879 972 2956 asperis
986 2879 1108 2936 unicum
1123 2877 1230 2938 ducem

282 2975 318 3014 ac
339 2975 437 3033 parem
458 2959 612 3032 quesitum
635 2958 805 3029 Hannibali,
821 2958 959 3034 majorem
980 2959 1094 3028 minori,
1110 2958 1229 3016 dictato-

282 3053 345 3092 rem
358 3035 496 3112 magistro
510 3039 650 3112 equitum,
664 3038 741 3115 quod
761 3038 845 3096 nulla
859 3037 998 3096 memoria
1017 3038 1124 3095 habeat
1138 3056 1230 3095 anna-

234 3123 272 3179 35
282 3113 364 3185 lium,
383 3116 469 3192 jussu
495 3118 593 3193 populi
616 3127 764 3194 aequatum
787 3118 817 3175 in
842 3117 944 3176 eadem
968 3117 1094 3187 civitate,
1116 3117 1148 3174 in
1172 3136 1231 3194 qua

282 3195 414 3274 magistri
427 3196 559 3272 equitum
572 3196 672 3274 virgas
693 3216 728 3254 ac
743 3215 861 3256 secures
881 3196 1027 3255 dictatoris
1040 3205 1168 3254 tremere
1188 3206 1230 3254 at·

282 3295 340 3352 que
353 3276 470 3333 horrere
484 3275 560 3334 soliti
580 3276 654 3334 sint:
675 3277 706 3333 in
724 3285 837 3334 tantum
850 3295 935 3333 suam
956 3274 1125 3333 felicitatem
1133 3276 1230 3334 ,virtu-

283 3364 399 3433 temque
420 3355 574 3413 enituisse:
596 3375 666 3434 ergo
687 3366 858 3414 secuturum
876 3375 907 3413 se
929 3353 1074 3412 fortunam
1094 3373 1191 3424 suam,
1206 3354 1231 3412 si

283 3435 405 3494 dictator
424 3435 455 3492 in
475 3435 657 3494 cunctatione
679 3454 715 3494 ac
735 3435 865 3511 segnitie,
881 3434 1001 3492 deorum
1020 3433 1230 3510 hominumque

235 3522 273 3578 40
281 3514 391 3592 judicio
412 3513 556 3584 damnata,
572 3523 721 3591 perstaret.
763 3512 873 3590 ltaque,
889 3513 1006 3590 quodie
1021 3513 1149 3588 primum
1164 3531 1231 3571 oon·

250 3623 252 3628 ·
283 3612 402 3670 gressus
423 3603 468 3651 est
489 3611 557 3650 curn
576 3592 616 3658 Q.
632 3593 732 3664 Fabio,
747 3593 931 3650 statuendum
951 3592 1081 3650 omnium
1102 3594 1231 3668 primum

284 3671 327 3730 ait
338 3691 410 3743 esse,
425 3671 667 3746 quemadmodum
687 3672 807 3749 imperio
821 3681 934 3750 aequato
955 3679 1091 3729 utantur:
1113 3691 1147 3729 se
1161 3672 1230 3748 opti-

283 3766 366 3806 mum
376 3749 494 3819 ducere,
509 3760 559 3808 aut
572 3750 675 3810 diebus
689 3751 817 3822 alternis,
833 3761 893 3821 aut,
907 3751 933 3809 si
947 3751 1060 3828 majora¹
1073 3750 1232 3808 intervalla

271 3823 443 3902 placerent,
456 3828 567 3903 partitis
580 3830 765 3906 temporibus,
780 3829 900 3889 alterius
920 3847 1068 3888 summum
1079 3828 1131 3906 jus
1141 3830 1231 3908 impe·
