2717 4292
433 910 638 1005 ninni-
674 855 912 1006 innuli

557 1181 623 1223 CAP.
637 1181 793 1223 xnnv-mx.

291 1448 656 1573 tnnnunnnnu
690 1495 831 1572 nisui
865 1494 1060 1571 unuin.

267 1682 418 1730 Ssniniouss
429 1682 458 1728 de
476 1681 574 1744 agrariis
590 1683 681 1746 legibus
697 1683 776 1730 sectos
809 1681 954 1744 Capitolium
970 1684 1002 1731 ob
1015 1681 1134 1730 exsulibus
1150 1684 1176 1728 et

233 1760 306 1804 servis
318 1766 472 1818 occupatum,
485 1758 551 1804 censis
564 1758 590 1804 iis
601 1765 725 1818 receptum
742 1764 785 1806 est.
817 1757 1089 1805 Censusbisactnsest
1122 1756 1175 1805 Pn-

234 1848 272 1882 ore
284 1835 355 1880 lustro
367 1848 440 1879 censa
452 1833 540 1880 civium
552 1835 631 1895 capita
643 1843 742 1882 centum
753 1841 865 1896 quattuor
876 1835 948 1882 millia
959 1849 989 1880 ac
1002 1848 1080 1888 cuin,
1089 1842 1175 1894 praeter

235 1910 300 1956 orbos
319 1910 440 1970 orbesque.
473 1908 597 1970 Sequenti,
620 1925 696 1957 cxviii
716 1911 790 1957 millio
814 1925 938 1957 cccxviiii.
971 1908 1037 1956 Cum
1060 1909 1175 1956 adversus

233 1983 327 2045 AEqnos
339 2001 375 2032 res
387 1986 451 2033 mele
463 1977 613 2048 geste‘osset,
623 1985 651 2033 L
664 1985 792 2042 Quinctius
803 1985 962 2033 Cincinnatus
975 1985 1075 2033 dictator
1085 1985 1175 2041 fectus,
1230 2043 1234 2048 ι

233 2077 290 2108 cum
302 2077 356 2109 rure
368 2065 473 2108 intentus
489 2063 576 2108 rustico
593 2064 656 2123 operi
673 2069 743 2118 esset,
756 2062 786 2109 od
802 2062 889 2109 bellum
905 2061 1036 2124 gerendum
1048 2062 1176 2109 arcessitus

234 2143 276 2184 est
310 2137 335 2184 Is
346 2138 420 2185 victos
436 2139 515 2184 hostes
526 2139 570 2185 sub
584 2137 670 2201 jugum
688 2139 758 2186 misit
791 2137 953 2185 Tribunorum
970 2137 1043 2200 plebis
1059 2153 1176 2185 numerus

162 2267 171 2282 .
233 2213 361 2273 ampliatus
373 2218 416 2268 est,
429 2219 455 2260 ut
472 2222 552 2260 essent
563 2214 656 2270 decem,
668 2215 786 2263 tiicesimo
797 2220 864 2260 sexto
882 2229 946 2261 enno
957 2229 972 2261 a
984 2214 1064 2276 primis
1075 2214 1175 2261 tribunis

233 2289 313 2351 plebis.
348 2287 429 2335 Petitis
445 2303 487 2349 per
497 2290 588 2352 legatos
605 2296 629 2336 et
646 2291 724 2336 allatis
735 2290 823 2336 Atticis
839 2290 937 2353 legibus,
950 2289 979 2336 ed
996 2289 1176 2336 constituendos

211 2389 212 2394 =
234 2379 275 2410 sas
286 2363 494 2425 proponendesque
506 2365 633 2412 decemviri
645 2380 687 2426 pro
698 2366 832 2413 consulibus
842 2366 893 2412 sine
905 2365 957 2412 nllis
968 2365 1018 2412 aliis
1029 2366 1175 2428 magistrati·

233 2439 277 2488 bns
285 2441 367 2495 creati,
375 2441 448 2486 altero
460 2447 483 2487 et
494 2442 660 2488 trecentesimo
672 2457 736 2488 anno
747 2448 821 2503 quoin
831 2439 912 2488 Romo
922 2441 1017 2489 condite
1028 2448 1096 2502 erct3
1111 2447 1136 2488 et
1148 2447 1175 2490 ut

235 2533 251 2566 e
262 2519 356 2581 regibus
368 2517 399 2564 ad
410 2519 526 2574 consules,
539 2519 572 2565 ite
589 2534 604 2566 a
616 2520 751 2567 consulibus
767 2519 798 2566 ed
815 2519 962 2566 decemviros
973 2519 1117 2566 translatum
1129 2519 1175 2566 im-

233 2595 333 2656 perium.
366 2593 407 2650 Ili,
415 2593 499 2641 decem
511 2595 595 2642 tabulis
606 2595 687 2658 legum
696 2597 783 2656 positis,
792 2610 849 2642 cnm
858 2595 965 2642 modeste
975 2610 1001 2642 se
1010 2595 1035 2641 in
1046 2611 1075 2641 eo
1086 2596 1175 2643 bonore

235 2672 362 2735 gemissent
373 2677 398 2718 et
414 2671 444 2718 ob
455 2671 477 2717 id
494 2671 518 2716 in
530 2671 632 2718 alterum
649 2687 743 2732 quoqne
760 2686 852 2718 annum
868 2671 973 2718 eundem
984 2686 1036 2718 esse
1047 2671 1173 2734 magistra·

234 2753 286 2795 tum
299 2749 433 2809 placuisset,
444 2747 536 2794 duebns
553 2747 639 2794 tabulis
651 2749 681 2794 nd
697 2748 783 2794 decem
800 2745 907 2808 adjectis,
920 2761 978 2794 cum
994 2748 1118 2808 complura
1129 2747 1176 2794 im-

234 2830 343 2886 potenter
364 2823 485 2878 fecissent,
507 2823 674 2884 magistrntum
696 2824 824 2870 noluerunt
846 2822 964 2883 deponere
986 2830 1011 2870 et
1033 2823 1058 2869 in
1076 2823 1176 2870 tertium

236 2913 327 2946 annum
340 2899 507 2958 detinuerunt;
525 2896 615 2953 XLIV,
629 2895 685 2953 linc,
698 2897 783 2944 Donec
801 2898 876 2944 inviso
892 2913 975 2946 eornm
987 2898 1085 2959 imperio
1099 2898 1176 2947 finem

237 2975 315 3021 attulit
332 2974 400 3020 libido
412 2975 459 3035 Ap
471 2973 574 3028 Claudii,
585 2973 633 3034 qui,
645 2988 703 3020 cum
714 2974 739 3021 in
756 2989 862 3020 amorem
873 2974 969 3037 virginis
983 2975 1110 3031 metuisse,
1118 2976 1176 3023 snb·

235 3051 307 3098 mimo
318 3049 358 3109 qui
369 3064 425 3096 eain
436 3050 461 3096 in
476 3050 617 3098 servitutem
633 3055 735 3110 poteret,
745 3049 914 3096 necessitatem
930 3050 991 3111 petri
1002 3049 1055 3112 ejus
1070 3049 1177 3114 virginio

236 3125 346 3187 imposuit
362 3131 429 3187 rapto
445 3141 476 3173 ex
492 3126 592 3174 taberne
612 3126 719 3188 proxima
737 3125 815 3173 cultro
834 3131 862 3172 nt
880 3124 956 3172 filium
973 3126 1101 3182 occideret,
1117 3142 1176 3176 cum

236 3204 304 3250 aliter
315 3217 371 3250 enm
383 3202 443 3250 tueri
454 3218 502 3250 non
518 3208 596 3264 pooeet
606 3217 638 3250 ne
654 3203 678 3250 in
689 3207 832 3264 potestatem
847 3207 956 3262 stuprum
971 3201 1066 3249 allaturi
1077 3202 1177 3251 veniret.

237 3277 341 3328 L-LIX.
358 3277 414 3326 Hoc
434 3285 486 3326 tem
505 3293 602 3342 magnas
617 3277 710 3340 injuriis
729 3278 838 3339 exemplo
859 3277 926 3339 plebs
947 3277 1049 3324 incitate
1067 3283 1176 3327 montem

236 3356 387 3404 Aventinum
404 3355 539 3416 occupavit,
556 3355 679 3417 coegitque
696 3354 841 3402 decemviros
858 3353 1010 3400 abdicarem
1027 3354 1171 3416 magistratu

237 3431 277 3480 Ex
288 3433 371 3493 quibus
389 3431 481 3497 Appios¹
498 3431 539 3492 qni
556 3431 675 3491 praecipue
687 3445 784 3491 poenam
800 3436 930 3490 meruerat,
941 3430 966 3477 in
978 3444 1101 3477 carcerem
1118 3445 1177 3477 con·

236 3509 313 3572 jectus
324 3515 374 3569 est;
386 3509 459 3555 ceteii
470 3509 494 3555 in
506 3508 615 3554 exsilium
627 3507 681 3553 acti.
704 3505 757 3561 LX,
770 3504 818 3554 ἀι
831 3504 880 3552 Res
890 3513 1006 3566 praeterea
1014 3512 1099 3553 contre
1107 3505 1178 3553 Sabi·

143 3605 150 3613 ·
194 3585 217 3620 ¹
236 3602 288 3640 nos,
295 3593 319 3632 et
331 3585 436 3640 Volscos,
445 3591 469 3631 et
481 3583 573 3646 AEquos
584 3587 693 3645 prospero
701 3590 780 3646 gestas
787 3583 908 3642 continet3
919 3589 944 3630 et
954 3598 1040 3644 perum
1048 3583 1178 3632 honestum

237 3663 316 3724 populi
326 3661 428 3710 Romani
434 3662 560 3724 judicium,
568 3663 607 3723 qui
616 3661 691 3723 judex
702 3662 763 3707 inter
773 3660 893 3707 Ardentes
903 3666 929 3708 et
940 3661 1049 3709 Aricinos
1059 3666 1170 3723 sumplus

238 3752 324 3801 ugrum
340 3737 433 3801 dequo
450 3739 604 3802 ambigebant
619 3738 662 3788 sibi
678 3735 896 3799 adjudicavit-[u.
913 3751 936 3785 o.
952 3735 1074 3788 eet-309.
1114 3751 1138 3785 Α.
1154 3750 1173 3786 o
