2717 4292
195 283 233 341 14
500 285 503 292 ’
603 291 758 338 r1r1,1.1vn

242 434 364 504 praearat
384 424 463 484 arci:
487 423 574 499 liujus
587 422 678 480 filiam
692 422 845 498 virginem,
860 438 933 479 auro
952 420 1114 496 corrumpit
1126 417 1188 478 'l'tt-

241 507 308 575 tius,
324 514 356 562 ut
376 513 500 561 armatos
520 504 551 559 in
572 521 670 559 arcem
691 501 832 577 accipiat:
854 519 962 575 aquarn
983 498 1055 557 forte
1069 519 1106 557 ea
1124 508 1189 556 tum

242 586 333 642 sacris
347 593 429 641 extra
443 583 551 639 moenia
562 582 682 657 petitum
691 580 775 637 ierat.
812 580 936 655 Accepti
950 579 1083 637 obrutam
1098 577 1189 635 armis

242 682 403 734 necavere3
426 681 479 720 seu
498 671 529 718 ut
544 662 573 718 vi
594 669 679 736 capta
697 659 790 736 potius
810 677 864 716 arx
878 659 1033 727 videretur,
1048 676 1103 715 seu
1123 675 1188 734 pro·

213 743 326 800 bdendi
340 741 465 818 exempli
475 759 574 809 eausa,
586 739 702 814 nequid
717 757 840 812 usquam
851 736 941 795 fidum
951 736 1086 814 proditori
1099 745 1188 794 esset.

243 821 370 884 Additur
383 819 497 889 tabule,
512 818 587 895 quod
602 819 692 894 vulgo
705 817 806 874 Sabini
820 835 925 874 aureas
942 816 1074 873 armillas
1087 815 1190 892 magni

243 899 376 977 ponderis
390 898 508 956 brachio
529 898 610 968 lavo,
625 906 842 974 gemmatosque
862 914 971 972 magna
983 896 1081 970 specie
1096 913 1188 952 annu·

244 979 286 1036 los
310 978 471 1047 habuerint,
491 977 632 1053 pepigisse
655 995 730 1045 eam,
752 974 826 1051 quod
851 975 882 1032 in
906 975 1030 1032 sinistris
1053 974 1190 1032 manibus

244 1056 399 1115 haberent:
421 1075 456 1114 eo
469 1067 553 1113 scuta
566 1055 610 1112 illi
625 1073 675 1132 pro
697 1054 795 1112 aureis
814 1053 896 1111 donis
912 1062 1060 1129 congesta.
1101 1052 1188 1123 Sunt,

197 1141 233 1196 10
243 1138 293 1212 qui
307 1155 382 1206 eam,
394 1154 430 1193 ex
444 1144 528 1212 pacto
541 1133 672 1192 tradendi
683 1133 759 1209 quod
772 1133 803 1190 in
817 1133 940 1190 sinistris
953 1132 1089 1189 manibus
1101 1140 1188 1202 esset,

243 1214 279 1272 de
293 1225 371 1272 recto
386 1233 467 1272 arma
481 1214 585 1290 petisse
606 1213 704 1270 dicant
712 1232 722 1285 3
745 1221 782 1280 et,
798 1210 899 1269 fraude
914 1212 1007 1269 visam
1021 1229 1118 1287 agere,
1133 1230 1189 1269 sua

243 1294 336 1371 ipsam
350 1301 526 1372 peremptam
540 1291 685 1349 mercede.
729 1290 795 1349 XII.
818 1290 955 1348 Tenuere
976 1299 1074 1348 tamen
1088 1308 1189 1347 arcem

244 1373 361 1430 Sabini:
383 1382 469 1449 atque
490 1371 556 1428 inde
577 1380 689 1447 postero
709 1370 765 1440 die,
781 1389 850 1428 cum
869 1370 1019 1427 Romanus
1039 1370 1189 1427 exercitus

244 1453 411 1522 instructus,
430 1450 506 1526 quod
526 1451 602 1508 inter
621 1449 787 1507 Palatinum
808 1448 1061 1525 Capitolinumque
1082 1449 1189 1506 collem

197 1534 233 1588 15
244 1532 339 1608 campi
357 1540 409 1601 est,
424 1530 603 1605 complesset,
618 1547 675 1586 non
690 1530 770 1605 prius
790 1526 1002 1586 descenderunt
1015 1529 1046 1585 in
1060 1546 1188 1604 aequum,

243 1629 340 1686 quem,
355 1611 400 1666 ira
418 1618 447 1667 et
465 1609 620 1685 cupiditate
635 1607 842 1683 recuperandae
855 1608 932 1664 arcis
945 1607 1113 1664 stimulante
1128 1608 1189 1666 ani-

244 1708 314 1758 mos,
329 1691 359 1745 in
381 1688 535 1745 adversum
557 1686 681 1743 Romani
702 1687 828 1744 subiere.
871 1686 1021 1763 Principes
1041 1687 1189 1763 utrimque

244 1785 372 1842 pugnam
386 1767 509 1835 ciebant,
525 1766 562 1822 ab
582 1765 698 1822 Sabinis
712 1764 831 1823 Mettius
851 1765 979 1836 Curtius
995 1765 1031 1823 ab
1048 1765 1191 1824 Romanis

245 1845 364 1903 Hostius
391 1845 543 1902 Hostilius.
586 1843 645 1901 Hic
670 1863 732 1902 rem
756 1845 918 1902 Romanam
942 1846 1042 1921 iniquo
1066 1846 1131 1903 loco
1153 1844 1191 1903 ad

197 1930 234 1988 20
245 1926 339 2000 prima
352 1925 435 2001 signa
457 1925 552 1981 animo
566 1933 651 2000 atque
673 1923 797 1982 audacia
817 1924 993 1982 sustinebat:
1016 1934 1048 1982 ut
1066 1924 1190 1983 Hostius

244 2003 357 2074 cecidit,
369 2002 519 2062 confestim
538 2003 669 2061 Romana
683 2003 841 2061 inclinatur
855 2003 942 2073 acies,
958 2002 1081 2080 firsaque
1095 2014 1140 2062 est
1153 2003 1191 2061 ad

244 2092 371 2141 veterem
387 2093 496 2160 portam
516 2082 630 2140 Palatii.
673 2081 827 2152 Romulus,
841 2091 871 2140 et
887 2083 948 2159 ipse
968 2084 1054 2141 turba
1076 2081 1190 2160 fugiens

244 2163 316 2220 tium
329 2172 419 2232 aetus,
432 2181 512 2220 arma
523 2161 559 2219 ad
570 2162 675 2219 oaelum
686 2162 798 2231 tollens,
811 2168 829 2197 ‘⁴
837 2161 855 2219 J
857 2163 979 2238 uppiter,
991 2160 1080 2233 tuis,''
1095 2163 1192 2238 inquit

245 2242 370 2316 “jussus
384 2242 486 2298 avibus
496 2242 544 2298 hic
558 2241 588 2297 in
603 2240 714 2299 Palatio
728 2242 820 2317 prima
835 2241 901 2298 urbi
915 2239 1102 2299 fundamenta
1110 2242 1190 2317 jeci:

195 2326 234 2379 25
245 2339 343 2377 arcem
354 2321 416 2395 jam
437 2321 548 2378 scelere
565 2329 701 2396 emptam,
716 2320 817 2377 Sabini
837 2321 961 2378 habent:
982 2321 1049 2378 inde
1070 2321 1129 2379 huc
1143 2340 1190 2378 ar-

245 2400 322 2468 mati,
338 2409 473 2476 superata
492 2399 587 2457 media
606 2399 692 2468 valle,
707 2399 836 2456 tendunt.
879 2400 922 2457 At
941 2409 983 2470 tu,
998 2410 1081 2477 pater
1101 2400 1191 2458 deum

244 2479 459 2555 hominumque,
474 2477 543 2536 hinc
557 2478 660 2536 saltem
679 2496 747 2536 arce
761 2477 865 2548 hostes,
880 2479 963 2536 deme
977 2490 1117 2538 terrorem
1132 2479 1190 2538 Ro-

244 2559 355 2628 manis·
363 2557 521 2636 fugamque
537 2556 643 2614 soedam
658 2559 743 2616 siste:
765 2558 814 2615 hio
830 2578 884 2636 ego
898 2559 949 2615 tibi
963 2559 1104 2636 templum
1125 2559 1190 2617 Sta·

244 2639 297 2695 tori
311 2637 385 2708 Jovi,
400 2636 477 2714 quod
495 2647 715 2695 monumentum
728 2637 765 2694 sit
778 2638 907 2713 posteris,
922 2647 973 2694 tua
987 2639 1122 2714 praesenti
1136 2658 1191 2714 ope

196 2720 388 2775 adservatam
410 2718 512 2774 urbem
533 2736 605 2786 esse,
628 2715 751 2774 voveo.’'
801 2716 874 2774 Haec
895 2727 1039 2793 precatus,
1062 2718 1144 2775 velut
1165 2718 1192 2775 si

244 2797 379 2853 sensisset
394 2795 506 2852 auditas
527 2813 637 2870 preces,
653 2802 671 2830 “
681 2792 771 2853 hinc''
792 2796 895 2871 inquit,
911 2803 929 2831 “
940 2797 1073 2865 Romani,
1088 2796 1105 2853 J
1109 2797 1191 2873 uppi-

245 2886 289 2930 ter
303 2874 427 2949 optimus
447 2875 592 2930 maximus
613 2874 746 2931 resistere
768 2883 854 2950 atque
868 2876 975 2933 iterare
996 2895 1124 2953 pugnam
1142 2877 1191 2952 ju·

247 2951 325 3010 bet.''
367 2953 509 3010 Restitere
538 2952 670 3023 Romani,
692 2961 840 3028 tamquam
868 2955 976 3013 caelesti
1001 2975 1073 3013 voce
1097 2956 1191 3031 jussi:

245 3033 305 3106 ipse
320 3031 356 3088 ad
373 3033 511 3108 primores
531 3031 672 3090 lbomulus
694 3033 832 3108 provolat.
873 3032 992 3091 Mettius
1012 3034 1133 3092 Curtius
1154 3036 1193 3093 ab

197 3115 235 3169 35
246 3111 360 3168 Sabinis
374 3111 507 3188 princeps
530 3111 566 3168 ab
588 3130 656 3168 arce
677 3111 894 3181 decucurrerat,
914 3123 942 3171 et
963 3113 1069 3171 effusos
1090 3124 1193 3191 egerat

246 3190 399 3258 Romanos,
415 3200 471 3248 toto
484 3201 624 3266 quantum
640 3188 700 3248 foro
718 3192 842 3266 spatium
857 3200 916 3249 est:
938 3211 993 3249 nec
1008 3193 1110 3269 procul
1127 3193 1192 3269 jam

246 3289 263 3326 a
277 3279 357 3346 porta
372 3269 475 3326 Palatii
496 3279 566 3339 erat,
582 3270 736 3327 clamitans
751 3271 904 3328 “vicimus
917 3271 1041 3347 perfidos
1054 3273 1191 3348 hospites,

245 3349 376 3406 imbelles
390 3349 500 3406 hostes:
519 3349 581 3426 jam
602 3350 699 3407 sciunt
718 3349 803 3427 longe
824 3348 982 3407 aliudesse
996 3352 1124 3428 virgine-s
1145 3369 1191 3409 ra.

246 3447 320 3506 pere,
333 3428 412 3487 aliud
431 3427 561 3505 pugnare
576 3447 644 3486 cum
658 3427 762 3486 viris.’'
803 3428 836 3486 ln
851 3447 928 3498 eum,
940 3430 1004 3487 haec
1017 3431 1192 3506 gloriantem

195 3517 231 3572 40
246 3527 314 3564 cunr
335 3507 692 3585 globooferocissimorum
711 3509 854 3582 juvenum
882 3508 1027 3566 Romulus
1050 3510 1193 3585 impetum

247 3586 326 3643 facit.
368 3587 415 3643 Ex
429 3606 503 3662 equo
516 3595 578 3644 tum
601 3584 671 3644 sorte
687 3585 805 3644 Mettius
826 3588 990 3664 pugnabat:
1012 3608 1047 3646 eo
1065 3589 1134 3664 pelli
1150 3588 1191 3646 fa-

247 3665 332 3722 cilius
347 3663 417 3722 fuit:
439 3666 555 3741 pulsum
570 3664 695 3722 Romani
709 3677 930 3742 persequuntur,
942 3677 972 3724 et
985 3667 1043 3724 alia
1058 3667 1193 3726 Romana

247 3745 334 3812 ecies,
349 3743 472 3800 audacia
486 3745 563 3820 regis
584 3763 718 3814 aceensa,
734 3744 826 3803 fundit
847 3745 979 3806 Sabinos.
1023 3745 1142 3804 Mettius
1161 3747 1193 3805 in

246 3820 382 3900 paludem
402 3841 474 3892 sese,
496 3823 615 3899 strepitu
636 3824 819 3899 sequentium
839 3824 999 3902 trepidante
1019 3845 1104 3902 equo,
1123 3830 1192 3885 con·
