2717 4292
185 234 243 295 152
609 251 667 293 r1r1
688 251 764 293 mvn

231 383 321 453 libris,
345 383 507 442 retulerunt
532 383 670 459 patribus,
691 382 767 460 quod
788 382 852 458 ejus
872 380 942 438 belli
966 400 1058 438 causa
1079 393 1178 441 votum

232 461 319 520 Marti
334 461 415 533 foret,
430 462 459 519 id
480 482 537 520 non
552 462 605 518 rite
627 462 748 531 factum,
763 461 798 518 de
813 463 925 537 integro
946 471 1033 537 atque
1051 463 1177 537 amplius

231 540 397 599 faciendum
422 561 503 615 esse3
528 549 556 599 et
577 540 643 599 Jovi
665 542 748 599 ludos
772 559 893 617 magnos
915 549 944 596 et
965 540 1042 597 aedes
1065 540 1177 600 Veneri

231 620 371 697 Erycinae
392 640 427 678 ec
443 620 534 678 Menti
548 621 694 678 vovendas
712 641 784 689 esse,
799 631 828 677 et
841 619 1081 695 supplicationem
1096 620 1176 678 lecti·

201 701 429 777 osterniumque
446 700 619 770 habendum,
635 711 663 757 et
684 718 736 756 ver
749 718 868 756 sacrum
890 699 1061 770 vovendum,
1077 701 1103 757 si
1117 700 1176 756 bel·

230 779 322 837 latum
344 798 479 859 prospere
500 792 582 849 esset,
599 798 704 856 resque
721 779 839 855 publica
859 779 891 834 in
912 778 1021 848 eodem,
1037 798 1094 855 quo
1108 790 1176 836 ante

168 854 175 865 ”
230 858 339 915 bellum
368 858 477 929 fuisset,
503 868 579 916 statu
613 859 828 935 permansisset.
875 856 1019 927 Senatus,
1038 859 1175 934 quoniam

230 936 355 995 Fabium
376 937 444 995 belli
465 957 538 995 cura
551 948 730 1017 occupatura
744 945 829 1007 esset,
846 935 886 992 M.
902 936 1056 994 AEmilium
1076 948 1175 1013 praeto·

231 1036 301 1087 rem,
317 1036 353 1073 ex
368 1018 483 1093 collegii
504 1016 671 1095 pontificum
686 1016 829 1073 sententia
849 1017 945 1072 omnia
959 1035 995 1073 ea
1009 1027 1041 1073 ut
1061 1028 1176 1073 maturo

182 1094 308 1164 lOfiant,
324 1115 428 1154 curare
448 1096 540 1173 jubet.
588 1094 626 1153 X.
649 1095 706 1155 His
727 1105 846 1152 senatus
868 1095 1008 1152 consultis
1029 1094 1174 1171 perfectis,

229 1172 266 1231 L.
283 1173 435 1231 Cornelius
445 1173 595 1233 'Lentulus
616 1173 744 1253 pontifex
764 1174 918 1243 maximus,
933 1174 1102 1231 consulente
1117 1174 1174 1231 col-

229 1252 306 1331 legio
324 1264 489 1329 praetorum,
507 1256 636 1311 omnium
656 1255 783 1329 primum
804 1252 944 1329 populum
964 1252 1175 1311 consulendum

228 1332 264 1389 de
283 1351 352 1391 vere
375 1352 457 1391 sacro
480 1343 597 1404 censet;
620 1333 734 1409 injussu
758 1332 856 1408 populi
881 1333 980 1389 voveri
1000 1352 1058 1391 non
1079 1352 1173 1409 posse.

229 1410 359 1489 Rogatus
381 1413 411 1469 in
432 1412 494 1469 haec
516 1413 605 1470 verba
625 1413 765 1488 populus:
788 1410 911 1468 “velitis
927 1411 1090 1487 jubeatisne
1109 1409 1176 1469 haeo

182 1492 271 1551 15sic
293 1491 379 1548 fieri?
421 1491 453 1547 Si
478 1510 524 1549 res
546 1491 662 1567 publica
683 1491 780 1568 populi
805 1489 929 1547 Romani
954 1490 1114 1555 Quiritium
1138 1490 1176 1547 ad

228 1570 459 1647 quinquennium
473 1572 643 1645 proximum,
660 1572 737 1627 sicut
751 1570 840 1627 velim
858 1588 933 1639 eam,
949 1571 992 1627 sic
1012 1572 1095 1627 salva
1113 1588 1173 1627 ser-

228 1659 296 1705 vata
310 1650 364 1707 erit
379 1650 459 1706 hisce
471 1649 693 1725 duellis—quod
704 1650 834 1706 duellum
845 1649 949 1724 populo
960 1649 1091 1707 Romano
1106 1669 1174 1707 cum

228 1727 460 1803 Carthaginiensi
474 1739 525 1796 est,
540 1747 662 1805 quaeque
677 1728 776 1785 duella
790 1747 858 1784 cum
874 1718 968 1785 Gallis
979 1739 1055 1794 sunt,
1066 1731 1116 1805 qui
1126 1731 1174 1802 ¹cis

229 1806 322 1883 Alpes
335 1806 552 1875 sunt—datum
567 1806 671 1863 donum
687 1807 749 1864 duit
768 1808 891 1882 populus
910 1807 1060 1865 Romanus
1074 1808 1174 1873 Quiri-

178 1885 310 1955 20tium,
325 1885 402 1961 quod
422 1905 474 1943 ver
493 1886 620 1943 attulerit
641 1905 677 1943 ex
698 1887 793 1956 suillo,
809 1887 905 1956 ovillo,
925 1889 1053 1963 caprino,
1069 1888 1174 1945 bovillo

228 1983 327 2041 grege,
344 1984 467 2041 quaeque
488 1964 607 2040 profana
622 1974 716 2035 erunt,
731 1965 797 2023 Jovi
811 1965 884 2034 fieri,
900 1985 936 2022 ex
956 1985 1016 2041 qua
1030 1966 1076 2022 die
1090 1986 1173 2023 sena-

228 2054 275 2101 tus
289 2046 469 2121 populusque
486 2045 621 2120 jusserit:
644 2046 695 2121 qui
717 2044 813 2113 faciet,
828 2044 943 2120 quando
957 2047 1042 2114 volet,
1057 2065 1174 2122 quaque

228 2122 294 2199 lege
310 2124 393 2193 volet,
410 2123 512 2181 facito:
535 2144 592 2199 quo
611 2124 694 2181 modo
715 2123 795 2191 faxit,
811 2124 896 2198 probe
919 2123 1028 2181 factum
1050 2135 1126 2182 esto:
1148 2126 1174 2182 si
1251 2184 1255 2190 ,

163 2234 165 2241 2
227 2201 257 2257 id
272 2204 392 2259 moritur
405 2202 480 2277 quod
496 2204 559 2259 lieri
580 2204 726 2278 oportebit,
742 2202 894 2277 profanum
912 2214 981 2273 esto,
995 2222 1090 2279 neque
1110 2223 1172 2261 sce-

178 2286 217 2339 25
228 2279 274 2337 lus
289 2290 365 2338 esto:
387 2281 410 2336 si
426 2281 491 2356 quis
506 2291 618 2357 rumpet
632 2282 781 2339 occidetve
795 2282 931 2351 insciens,
947 2301 983 2339 ne
999 2282 1080 2339 fraus
1094 2294 1172 2340 esto:

227 2358 252 2415 si
277 2360 341 2436 quis
360 2360 478 2435 clepset,
490 2377 527 2415 ne
545 2360 648 2435 populo
671 2360 768 2417 scelus
790 2371 859 2430 esto,
880 2380 952 2418 neve
974 2364 1023 2418 cui
1044 2363 1174 2437 cleptum

228 2439 298 2495 erit:
320 2440 345 2496 si
360 2449 421 2505 atro
435 2438 481 2497 die
496 2438 568 2495 faxit
579 2440 713 2509 insciens,
726 2440 812 2517 probe
827 2438 936 2497 factum
951 2451 1027 2498 esto:
1049 2442 1074 2498 si
1087 2451 1173 2498 nocte

228 2519 289 2575 sive
304 2518 380 2589 luce,
396 2520 420 2575 si
435 2538 538 2576 servus
552 2520 613 2575 sive
628 2519 702 2576 liber
723 2518 803 2597 sarrit,
819 2520 905 2594 probe
925 2518 1036 2577 factum
1050 2531 1126 2578 esto:
1148 2525 1174 2577 si

229 2598 359 2655 anteidea
374 2611 491 2656 senatus
502 2599 682 2675 populusque
694 2598 813 2674 jusserit
823 2599 887 2654 fieri
898 2618 933 2655 ac
946 2598 1025 2668 faxit,
1038 2619 1072 2657 eo
1085 2619 1173 2675 popu-

179 2680 217 2736 30
228 2677 274 2735 lus
288 2678 398 2735 solutus
421 2677 494 2735 liber
517 2676 610 2735 est0.''
652 2677 793 2753 Ejusdem
813 2678 855 2734 rei
878 2696 968 2735 causa
991 2679 1052 2735 ludi
1074 2680 1174 2756 magni

227 2756 285 2813 voti
300 2758 366 2813 aeris
380 2758 515 2813 trecentis
526 2757 643 2833 triginta
657 2758 750 2813 tribus
760 2756 897 2825 millibus,
909 2759 1045 2815 trecentis
1055 2759 1174 2833 triginta

226 2835 328 2904 tribus,
344 2836 467 2905 triente3
491 2846 630 2912 praeterea
645 2836 739 2893 bubus
753 2834 819 2891 Jovi
833 2837 978 2905 trecentis,
994 2837 1093 2893 multis
1108 2837 1174 2894 aliis

227 2912 301 2969 divis
320 2913 414 2969 bubus
429 2913 502 2970 albis
516 2924 602 2989 atque
617 2915 722 2971 ceteris
736 2915 844 2971 hostiis.
888 2913 972 2973 Votis
992 2917 1045 2972 rite
1059 2935 1172 2973 nuncu-

228 2992 309 3067 patis
325 2992 497 3067 supplicatio
517 2992 621 3063 edicta,
636 2993 887 3069 supplicatumque
907 2994 968 3051 iere
983 3013 1052 3052 cum
1073 2995 1172 3071 conju-

178 3076 217 3130 35
226 3070 312 3147 gibus
332 3089 367 3127 ac
385 3070 483 3128 liberis
505 3089 563 3129 non
584 3072 696 3128 urbana
710 3072 863 3130 multitudo
882 3083 1005 3143 tantum,
1020 3073 1070 3130 sed
1090 3092 1173 3151 agre-

227 3150 314 3207 stium
336 3150 431 3219 etiam,
447 3169 518 3226 quos
539 3151 569 3207 in
591 3151 689 3227 aliqua
709 3170 763 3207 sua
784 3150 898 3209 fortuna
919 3153 1037 3228 publica
1057 3171 1172 3229 quoque

227 3230 410 3306 contingebat
424 3248 507 3287 cura.
550 3229 628 3286 Tum
651 3230 861 3287 lectisternium
881 3231 1074 3307 pertriduum
1092 3232 1172 3288 habi-

229 3318 299 3378 tum,
315 3309 488 3367 decemviris
509 3328 659 3366 sacrorum
681 3309 867 3366 curantibus:
889 3330 941 3366 sex
962 3311 1128 3385 pulvinaria
1141 3311 1173 3367 in

227 3399 383 3463 conspectu
399 3388 524 3458 fuerunt,
537 3388 602 3445 Jovi
614 3408 649 3445 ac
663 3388 680 3445 J
684 3388 770 3445 unoni
783 3407 883 3459 unum,
895 3390 1020 3446 alterum
1034 3389 1174 3464 Neptuno

179 3470 264 3525 40ac
286 3466 434 3537 Minervae,
450 3470 565 3525 tertium
589 3468 674 3525 Marti
696 3487 731 3524 ac
752 3466 871 3536 Veneri,
886 3478 1023 3543 quartum
1042 3468 1173 3542 Apollinr

228 3564 263 3601 ac
284 3543 395 3616 Dianae,
411 3548 544 3621 quintum
558 3546 695 3604 Vulcano
714 3565 749 3602 ac
764 3545 870 3615 Vestae,
886 3558 1001 3602 sextum
1024 3546 1174 3604 Mercurio

227 3631 256 3679 et
283 3622 394 3680 Cereri.
438 3625 516 3681 Tum
545 3626 621 3682 aedes
650 3635 739 3682 votae:
772 3624 881 3681 Veneri
911 3625 1052 3699 Erycinae
1080 3625 1172 3681 aedem

226 3698 268 3765 Q.
289 3699 400 3759 Fabius
425 3701 571 3760 Maximus
591 3703 714 3761 dictator
733 3703 819 3771 vovit,
834 3704 904 3777 quia
923 3704 964 3760 ita
978 3722 1014 3760 ex
1035 3702 1173 3761 fatalibus

227 3775 309 3834 libris
328 3779 456 3837 edictum
474 3790 545 3851 erat,
560 3790 592 3838 ut
609 3782 636 3838 is
657 3789 782 3851 voveret,
797 3780 883 3859 cujus
903 3782 1065 3839 maximum
1080 3782 1170 3861 impe
