2717 4292
464 285 551 328 arans
567 287 601 326 n.
639 287 706 326 css.
722 286 851 326 mrsu.
1134 277 1174 338 5¹1

179 421 256 500 plns,
272 435 363 494 quam
376 416 475 486 velim,
489 427 651 474 nostrorum
667 416 785 492 ingenia
797 427 867 474 sunt
878 417 1007 476 mobilia
1048 419 1125 478 Hul-

180 499 219 557 tis
232 498 262 555 id
276 497 411 555 cladibus
423 496 576 564 sensimus,
591 497 697 572 quippe
709 497 761 572 qui
774 514 831 552 non
850 509 947 554 nostro
959 499 1062 556 merito
1074 499 1125 556 sed

179 587 279 635 vestra
293 577 431 652 patientia
447 575 608 631 incolumes
628 577 730 631 simus.
771 575 881 652 Magna
899 577 949 633 hic
962 595 1041 634 nunc
1055 578 1125 635 Vol-

180 674 298 714 socrum
320 653 473 711 multitudo
494 663 547 710 est.
597 652 675 710 Ludi
697 663 776 711 sunt.
816 655 992 730 spectaculo
1013 657 1126 716 intenta

179 737 286 792 civitas
313 734 378 790 erit.
421 733 552 801 Memmi,
572 732 643 808 quid
664 751 716 808 per
738 733 861 790 eandem
883 736 1064 794 occasionem
1087 737 1125 792 ab
1153 741 1173 794 ⁵

179 813 357 870 Sabinorum
367 812 521 887 juventute
534 812 565 866 iu
578 812 634 868 hac
645 811 718 868 urbe
730 813 917 870 commissum
929 815 977 870 sit.
1018 814 1125 872 Horret

180 893 308 960 animus,
322 889 446 965 nequid
465 890 628 947 inconsulte
648 909 686 946 ac
704 901 814 948 tenuere
832 891 895 948 fiat.
935 891 1010 950 Hmo
1028 905 1126 952 nostra

180 981 337 1045 vestraque
351 987 442 1026 causa
459 971 540 1045 prius
557 967 681 1026 dicenda
694 969 784 1038 vobis,
797 969 941 1040 consules,
954 981 1036 1029 ratus
1047 991 1124 1030 mim.

180 1049 270 1115 Quod
285 1048 322 1106 ed
337 1067 383 1104 me
397 1049 506 1115 attinet,
520 1048 664 1123 extemplo
677 1048 748 1105 hinc
760 1048 877 1106 domum
890 1049 971 1107 abire
984 1052 1015 1107 in
1028 1052 1144 1115 animo⁴

181 1138 235 1197 est,
258 1146 295 1184 ne
319 1126 406 1202 cujus
430 1125 500 1184 facti
525 1126 631 1184 dictiue
655 1128 825 1203 contagione
850 1146 978 1204 presens
1000 1129 1124 1188 violer.’'
1137 1131 1174 1186 1⁰

181 1206 257 1264 Haec
278 1197 395 1263 locutus
408 1206 487 1263 abiit.
527 1204 668 1262 Consules
688 1224 757 1262 cnm
771 1206 808 1263 ad
821 1217 919 1282 patres
931 1226 994 1265 rem
1006 1208 1125 1266 dubiam

180 1286 237 1343 sub
258 1294 378 1342 auctore
398 1295 477 1342 certo
496 1283 675 1353 detulissent,
690 1295 792 1342 auctor
811 1287 914 1362 magis,
929 1295 962 1344 ut
981 1287 1022 1356 fit,
1035 1307 1125 1364 quam

182 1383 230 1422 res
251 1363 289 1420 ad
309 1362 531 1440 praecavendum
551 1363 599 1420 vel
619 1381 657 1420 ex
677 1381 860 1437 supervacuo
879 1366 977 1435 movit,
991 1365 1125 1441 factoque

181 1442 461 1511 senatusconsulto,
476 1451 509 1499 ut
529 1442 631 1499 urbem
653 1441 829 1500 excederent
849 1441 961 1512 Volsci,
979 1463 1126 1519 praecones

180 1521 375 1590 dimittuntur,
386 1522 437 1596 qui
450 1539 549 1578 omnes
562 1540 612 1577 eos
626 1519 770 1596 proficisci
780 1531 848 1578 ante
857 1532 971 1578 noctem
978 1523 1124 1597 juberent.
1138 1527 1174 1580 15

181 1600 289 1677 Ingens
309 1619 399 1676 pavor
412 1600 504 1676 primo
524 1598 720 1656 discurrentes
733 1599 770 1655 ad
785 1618 855 1656 suas
872 1618 921 1657 ree
937 1600 1079 1658 tollendas
1095 1603 1127 1659 in

181 1680 304 1757 hospitia
314 1678 456 1754 perculit:
477 1678 725 1755 proficiscentibus
734 1677 837 1736 deinde
850 1678 1009 1754 indignatio
1017 1680 1125 1750 oborta,

181 1778 214 1816 se
228 1767 261 1816 ut
274 1757 484 1815 consceleratos
498 1758 763 1832 contaminatosque
776 1758 814 1814 ab
823 1757 909 1826 ludis,
921 1757 1002 1816 sestis
1013 1758 1125 1829 diebus,
1214 1829 1223 1840 „

181 1847 262 1894 coetu
285 1836 410 1912 quodam
433 1836 515 1894 modo
542 1837 691 1893 hominum
711 1836 888 1914 deorumque
911 1837 1029 1895 abactos
1048 1858 1124 1896 we.

183 1915 354 1975 XXXVIII.
369 1915 445 1972 Cum
456 1935 542 1991 prope
553 1916 719 1972 contiuuato
729 1917 845 1992 agmine
854 1917 939 1985 Irent,
947 1920 1174 1994 praegressum

182 1995 304 2052 Tullius
322 1994 362 2050 ad
383 2005 470 2071 ceput
493 1993 691 2063 Ferentinum,
710 2003 743 2051 ut
763 1995 886 2071 quisque
907 1997 1045 2065 eveniret,
1066 1998 1123 2071 pri-

133 2143 145 2162 ἱ
183 2093 279 2166 mores
299 2092 400 2131 eorum
423 2072 572 2164 eucipiens
592 2073 740 2165 querendo
761 2072 1003 2150 indignandoque,
1024 2083 1055 2131 et
1077 2094 1127 2166 eqs

182 2151 1016 2308 {ffiffilfflsslqtstldtgtlsslt‘iffi
1028 2153 1125 2289 idi

182 2312 331 2369 concionis
352 2310 467 2369 modum
486 2311 643 2368 orationem
662 2329 784 2368 exorsus
798 2317 938 2368 “veteres
958 2311 1056 2388 populi
1069 2311 1174 2368 usas

182 2391 263 2447 mani
290 2389 413 2465 injurias
433 2389 589 2464 cladesque
616 2391 712 2466 gentis
739 2389 987 2447 Volscorum-ut
1006 2387 1125 2448 omnia''

182 2470 278 2546 inquit
292 2467 530 2526 “obliviscamini
554 2468 621 2537 alia,
636 2468 803 2525 hodiernam
823 2468 900 2525 banc
920 2469 1127 2525 contumeliam

182 2547 501 2684 liismddiisffli
520 2545 1126 2698 lltlztltffiuuldl

184 2705 220 2763 de
246 2706 329 2762 vobis
352 2703 438 2762 esse?
489 2703 551 2762 Vos
572 2701 868 2769 omnibus-civibus,
896 2701 1065 2778 peregrinis,
1087 2706 1175 2760 totto

184 2785 315 2842 finitimis
335 2781 654 2860 populis-spectaculo
668 2781 807 2838 abeuntes
822 2778 920 2850 fuisse,
935 2789 1046 2837 vestras
1060 2799 1126 2837 con-

181 2863 278 2940 juges,
293 2873 402 2920 vestros
415 2862 521 2920 liberos
534 2861 681 2918 traductos
694 2878 746 2936 per
763 2877 814 2917 ora
834 2859 1006 2917 hominum?
1047 2859 1127 2926 Quid

185 2943 325 3078 {calls
337 2941 482 3096 lllt‘t
498 2938 1127 3096 qffihpffiffl’igisliidldii

326 3063 335 3090 7
483 3062 491 3089 1

184 3101 235 3170 vii,
250 3100 430 3158 existimasse
453 3100 568 3176 putatis,
585 3099 641 3155 nisi
663 3098 772 3174 aliquid
793 3095 919 3174 profecto
939 3096 1022 3155 nefas
1045 3103 1174 3156 essezdd

184 3177 271 3255 quod,
283 3179 308 3235 si
318 3180 484 3236 intersimus
497 3177 671 3253 spectaculo,
683 3177 818 3234 violaturi
831 3178 923 3234 simus
935 3175 1019 3234 ludos
1029 3178 1125 3253 piacu-

185 3259 307 3332 lumque
321 3257 463 3326 merituri,
478 3255 542 3313 ideo
562 3275 613 3313 nos
627 3257 664 3313 ab
677 3255 746 3313 sede
766 3256 879 3331 piorum
899 3265 979 3312 coetu
992 3256 1127 3312 concilio-

185 3355 243 3412 que
258 3336 359 3412 abigit
400 3335 480 3402 Quid
493 3334 595 3392 deiude
615 3334 690 3391 illud
708 3352 766 3390 non
785 3333 933 3390 succurrit
946 3333 1044 3390 virere
1064 3353 1126 3403 uos,

185 3414 261 3490 quod
285 3416 491 3472 maturarimus
512 3413 654 3489 proficisci
664 3413 744 3469 i-si
770 3411 825 3467 hoc
852 3409 989 3487 profectio
1016 3421 1045 3468 et
1070 3429 1127 3467 non

187 3493 325 3570 sugaest.
367 3492 407 3552 Et
420 3494 496 3550 hanc
511 3492 612 3550 urbem
626 3511 677 3549 vos
690 3489 884 3548 nonhostium
899 3487 1014 3558 ducitis,
1028 3489 1087 3558 ubi,
1102 3491 1170 3550 sito
1283 3539 1289 3549 .

189 3591 280 3628 nuum
310 3572 386 3628 diem
415 3572 515 3630 morati
544 3572 654 3640 essetis,
676 3555 857 3627 moriendum
890 3567 1023 3624 omnibus
1050 3566 1126 3626 fuit?

189 3648 305 3709 Bellum
317 3653 397 3708 robis
406 3651 546 3708 indictum
557 3661 600 3708 est
610 3669 716 3726 magno
723 3666 824 3706 eorum
835 3646 920 3715 malo,
929 3646 980 3722 qui
989 3646 1127 3718 indixere,

189 3729 213 3788 si
227 3731 283 3788 viri
296 3728 399 3788 estis.''
442 3728 493 3800 Ita,
507 3739 537 3788 et
555 3749 610 3788 sua
623 3737 723 3805 sponte
743 3724 946 3824 irarnmpleni
965 3735 995 3783 et
1007 3727 1127 3799 incitati,
