2717 4292
190 281 209 342 6
378 270 384 282 ’
600 267 659 336 rrr'r
680 293 755 335 mvn

239 436 302 485 tara
325 426 393 485 data
415 423 502 485 fidem
524 425 630 488 futurae
652 424 787 482 amicitae
804 423 945 482 sanxisse.
992 420 1063 481 lude
1086 420 1183 482 surdus

239 507 330 563 ictum
351 507 425 564 inter
447 505 545 576 duces,
569 506 645 562 iuter
664 504 810 561 exercitus
832 502 1035 560 salutationem
1057 499 1182 560 factam:

241 586 366 644 AEneam
391 585 466 661 apud
490 584 629 643 Latinum
653 580 742 640 fuisse
764 584 795 639 in
815 582 952 658 hospitio;
982 580 1022 637 ibi
1043 579 1183 638 Latinum

242 664 317 741 apud
339 674 454 740 penates
468 663 535 721 deos
555 662 744 720 domesticum
761 660 875 736 publico
896 660 1061 736 adjunxisse
1077 658 1182 722 fredus.

212 743 302 799 afilia
313 743 416 800 AEneae
429 743 459 799 in
473 741 687 800 matrimonium
700 738 778 797 dota.
819 737 866 796 Ea
876 739 974 813 utique
989 756 1035 796 res
1047 737 1185 815 Trojanis

241 840 321 898 spem
336 821 459 878 affirmat
469 821 584 879 tandem
595 819 691 876 stabili
704 829 841 894 certeque
852 816 919 874 sede
931 817 1049 874 finiendi
1059 820 1182 875 erroris:

242 899 376 977 oppidum
390 900 532 958 condunt:
549 899 664 974 AEneas
679 897 715 955 ab
725 898 840 954 nomine
854 896 953 954 uxorl's
963 893 1120 954 Lavinium
1135 916 1183 973 ap-

242 981 341 1056 pellat.
383 978 470 1036 Brevi
496 979 582 1053 stirps
606 995 721 1053 quoque
739 976 832 1033 virilis
851 994 887 1032 ex
908 993 982 1032 novo
1002 975 1185 1033 matrimonio

243 1057 306 1127 luit,
329 1057 378 1115 cui
406 1058 568 1116 Ascanium
593 1064 727 1133 parentes
750 1054 849 1112 dixere
876 1071 991 1111 nornen.
1032 1052 1071 1111 ΙΙ.
1101 1053 1186 1112 Bello

198 1138 232 1193 10
243 1135 345 1194 deinde
360 1137 535 1214 Aborigines
555 1134 734 1211 Trojanique
752 1133 840 1191 simul
854 1132 945 1209 petiti.
986 1131 1117 1202 Turnus,
1132 1151 1184 1190 rex

244 1215 427 1286 Rutulorum,
442 1216 491 1273 cui
513 1223 598 1291 pacta
619 1211 745 1272 Lavinia
767 1222 833 1270 ante
854 1210 1010 1269 adventum
1023 1211 1126 1268 AEneae
1140 1210 1184 1268 fu-

244 1302 314 1363 erat,
329 1294 481 1370 praelatum
501 1294 556 1351 sibi
577 1291 719 1349 advenam
737 1309 815 1368 aegre
836 1290 957 1367 patiens,
971 1290 1059 1347 simul
1080 1291 1184 1348 AEneae

244 1370 405 1449 Latinoque
420 1373 527 1430 bellum
538 1371 685 1428 intulerat.
727 1369 757 1427 N
759 1378 843 1427 entra
856 1369 935 1426 acies
944 1369 1011 1426 laete
1024 1388 1061 1426 ex
1075 1388 1109 1426 eo
1122 1387 1184 1426 cer-

243 1453 350 1509 tamine
365 1452 452 1508 abiit:
474 1451 543 1509 victi
557 1449 670 1520 Rutuli,
682 1449 806 1507 victores
817 1448 993 1524 Aborigines
1006 1447 1185 1524 Trojam'que

196 1531 232 1586 15
243 1528 347 1587 ducem
362 1529 499 1588 Latinum
515 1530 648 1587 amisere.
690 1526 760 1585 lnde
775 1527 895 1584 Turnus
914 1527 1083 1602 Rutulique,
1099 1527 1186 1584 diffisi

228 1608 338 1679 ,rebus
354 1609 390 1666 ad
404 1609 536 1666 florentes
550 1627 618 1684 opes
628 1605 821 1663 Etruscorum
830 1605 1073 1681 Mezentiumque,
1085 1625 1185 1682 regem

243 1705 353 1758 eorum,
368 1687 557 1763 confugiunt3
579 1686 638 1761 qui,
652 1685 737 1742 Caere
751 1684 884 1761 opulento
898 1694 960 1742 tum
980 1683 1081 1761 oppido
1095 1686 1185 1760 impe-

244 1768 343 1835 ritans,
352 1766 414 1841 jam
428 1765 494 1823 inde
509 1765 544 1822 ab
554 1765 635 1822 initio
648 1765 766 1820 minime
781 1764 864 1820 laetus
877 1782 960 1820 novae
970 1765 1080 1840 origine
1094 1765 1184 1834 urbis,

244 1853 273 1901 et
294 1853 357 1901 tum
378 1844 466 1901 nimio
488 1844 562 1920 plus,
577 1861 665 1919 quam
687 1843 757 1900 satis
778 1853 872 1900 tutum
894 1852 969 1900 esset
990 1843 1107 1912 accolis,
1122 1861 1186 1900 rem

195 1925 234 1979 20
245 1922 403 1998 Trojanam
417 1940 550 1980 crescere
571 1931 659 1992 ratus,
674 1921 752 1979 heud
766 1922 910 1999 gravatim
923 1922 1001 1978 socia
1022 1940 1104 1980 arma
1124 1922 1185 1979 Ru-

244 2001 313 2059 tulis
336 2001 443 2077 junxit.
485 2001 603 2070 AEneas,
621 2001 765 2058 ¹adrersus
789 2002 861 2059 tenti
888 2000 957 2057 belli
965 2009 1130 2071 ·terrorem,
1153 2011 1186 2059 ut

245 2081 354 2138 animos
369 2080 564 2158 Aboriginum
584 2079 639 2137 sibi
659 2080 836 2150 conciliaret,
851 2097 907 2137 nec
927 2080 981 2136 sub
1000 2080 1100 2138 eodem
1117 2081 1187 2156 jure

244 2160 347 2228 solum,
362 2159 511 2216 sedetiam
526 2159 650 2229 nomine,
665 2177 765 2216 omnes
778 2168 882 2228 essent,
898 2157 1018 2216 Latinos
1032 2169 1186 2236 utramque

244 2248 359 2313 gentem
378 2238 543 2314 appellavit.
585 2236 651 2296 Nec
665 2237 768 2296 deinde
783 2238 957 2315 Aborigines
977 2237 1112 2314 Trojanis
1125 2250 1186 2297 stu·

195 2315 234 2371 25
245 2316 292 2374 dio
314 2334 348 2373 ec
369 2317 424 2374 fide
446 2335 518 2394 erga
539 2335 637 2394 regem
659 2317 783 2375 AEneam
806 2335 938 2375 cessere:
970 2315 1118 2393 fretusque
1140 2318 1187 2377 his

246 2395 350 2454 animis
372 2395 595 2466 coalescentium
617 2397 647 2454 in
669 2395 731 2454 dies
753 2397 846 2473 magis
869 2395 992 2454 duorum
1014 2398 1185 2473 populorum

245 2474 364 2546 AEneas,
379 2495 555 2553 quamquam
569 2485 649 2534 tante
668 2476 770 2552 opibus
784 2474 905 2533 Etruria
919 2483 989 2544 erat,
1006 2485 1037 2532 ut
1048 2475 1110 2552 jam
1128 2495 1186 2534 non

245 2563 337 2610 terres
357 2555 458 2623 solum,
473 2554 523 2612 sad
544 2573 625 2612 mare
646 2556 734 2612 etiam
749 2572 801 2630 per
820 2563 907 2612 totam
928 2553 1019 2611 Italiae
1033 2553 1186 2632 longitudi-

245 2651 320 2702 nem,
341 2632 376 2689 ab
401 2632 526 2709 Alpibus
547 2633 583 2690 ed
606 2631 710 2691 fretum
735 2633 878 2703 Siculum,
898 2630 976 2689 sama
996 2634 1118 2691 nominis
1139 2634 1187 2690 sui

196 2713 234 2768 30
245 2711 398 2787 implesset,
409 2720 515 2781 tamen,
531 2730 600 2769 cum
619 2711 764 2770 moenibus
778 2712 888 2769 bellum
901 2711 1068 2788 propulsare
1081 2721 1185 2788 posset,

244 2791 274 2845 in
289 2789 381 2845 aciem
396 2789 493 2864 copias
506 2789 614 2846 eduxit.
656 2789 824 2846 Secundum
835 2790 902 2847 inde
915 2790 1052 2868 proelium
1062 2789 1186 2861 Latinis,

245 2866 347 2924 AEnere
361 2867 448 2923 etiam
463 2867 597 2924 ultimum
611 2868 775 2924 mortalium
795 2887 914 2945 operum
935 2867 998 2926 suit.
1050 2868 1129 2926 Situs
1143 2880 1188 2928 est

244 2962 497 3020 -quemcumque
511 2963 578 3002 eum
593 2945 650 3003 dici
660 2945 711 3022 jus
725 2945 826 3022 fasque
839 2957 1010 3024 est-super
1023 2946 1187 3007 Numicum

245 3023 384 3081 fluvium:
405 3022 507 3080 Jovem
520 3024 675 3102 indigetem
690 3025 845 3101 appellant.

196 3103 235 3158 35
285 3101 337 3160 III.
360 3100 497 3159 Nondum
518 3113 648 3161 maturus
671 3104 793 3180 imperio
813 3105 962 3163 Ascanius
982 3105 1086 3164 AEueae
1106 3107 1188 3166 filius

245 3190 324 3239 eret:
345 3189 441 3239 tamen
455 3180 485 3238 id
498 3181 651 3258 imperium
665 3183 693 3239 ei
708 3182 743 3239 ad
757 3183 896 3259 puberem
910 3193 1025 3242 aetatem
1042 3185 1188 3244 incolume

245 3259 366 3316 mansit:
386 3257 524 3336 tantisper
533 3260 623 3319 tutela
634 3260 888 3318 muliebri-tanta
898 3261 1008 3320 indoles
1018 3263 1049 3320 in
1060 3261 1187 3322 Lavinia

245 3347 394 3395 erat-res
415 3337 522 3396 Latina
541 3348 570 3397 et
590 3357 714 3416 regnum
734 3341 843 3399 avitum
866 3350 1076 3418 paternumque
1097 3360 1188 3418 puero

245 3417 330 3473 stetit.
373 3415 461 3475 Haud
480 3417 730 3495 ambigam-quis
750 3419 828 3476 enim
847 3437 909 3476 rem
923 3429 983 3478 tem
997 3432 1123 3478 veterem
1138 3441 1190 3498 pro

201 3497 235 3552 10
245 3505 324 3552 certo
339 3494 461 3553 affirmet
470 3495 638 3554 l-hiccine
659 3496 747 3555 fuerit
761 3497 918 3568 Ascanius,
934 3518 972 3555 an
992 3499 1084 3575 major
1099 3518 1189 3574 quam

246 3573 303 3643 hic,
318 3573 428 3630 Creusa
450 3584 541 3631 matre
555 3573 607 3632 Ilio
621 3575 760 3632 incolumi
780 3589 875 3647 natus,
891 3596 1044 3654 comesque
1059 3577 1125 3636 inde
1140 3598 1188 3655 pa-

246 3661 336 3708 temae
358 3650 443 3727 fugae,
461 3671 548 3727 quem
571 3652 667 3710 Iulum
692 3653 817 3711 eundem
842 3654 923 3714 Julie
945 3675 1019 3733 gens
1040 3667 1190 3717 auctorem

246 3729 370 3787 nominis
392 3731 437 3786 sui
459 3741 617 3806 nuncupat.
660 3729 689 3790 Is
706 3730 863 3803 Ascanius,
878 3734 1055 3812 ubicumque
1076 3745 1105 3794 et
1118 3757 1190 3813 que·

247 3825 373 3884 cumque
400 3819 492 3866 matra
523 3810 758 3886 genitus—certe
788 3820 889 3869 natum
916 3813 1012 3872 AEnea
1038 3825 1187 3875 constet-
