2717 4292
191 309 230 372 30
439 315 441 320 ’
618 319 676 360 rrrr
698 317 774 360 amr

364 407 399 432 f

241 471 311 532 gora
335 453 467 524 volitans,
493 469 604 522 rursus,
631 449 712 510 velut
739 447 898 508 ministerio
925 446 1065 514 divinitus
1085 449 1194 521 missa,

241 534 329 609 capiti
357 543 421 610 apte
450 531 577 610 reponit:
612 530 678 588 inde
706 529 840 588 sublimis
864 527 933 585 abit.
976 529 1139 604 Accepisse
1161 526 1195 588 id

241 615 398 690 augurium
415 613 482 670 laeta
500 611 608 668 dieitur
622 609 779 684 Tanaquil,
794 608 895 684 perita,
912 618 943 664 ut
957 609 1047 684 vulgo
1061 608 1193 679 Etrusci,

241 693 401 749 caelestium
426 691 622 770 prodigiorum
645 690 768 746 mulier:
798 687 916 746 excelsa
937 696 967 744 et
990 689 1049 744 alta
1072 708 1194 764 sperare

211 772 392 847 5complexa
407 773 502 828 virum
514 772 613 846 jubet:
635 787 702 826 eam
710 768 811 825 alitem
823 787 858 824 ea
873 766 991 844 regione
1004 759 1075 824 caeli
1085 768 1194 843 atejus

200 847 201 850 ’
240 849 287 906 dei
302 853 434 908 nuntiam
445 851 568 920 venisse,
580 849 661 907 circa
671 865 817 906 summum
828 846 946 904 culmen
957 846 1082 904 hominis
1096 849 1192 923 auspi-

240 929 320 986 cium
342 929 455 1000 fecisse,
471 930 583 987 levasse
604 928 732 986 humano
752 927 966 1003 superpositum
981 926 1070 1002 capiti
1088 926 1191 996 decus,

240 1019 273 1066 ut
296 1009 435 1067 divinitus
458 1009 552 1066 eidem
576 1007 719 1066 redderet.
768 1005 833 1063 Has
853 1024 920 1086 spes
943 1005 1193 1082 cogitationesque

240 1107 341 1146 seeum
365 1099 519 1166 portantes,
542 1087 643 1145 urbem
671 1087 796 1164 ingressi
820 1095 898 1155 sunt,
918 1084 1123 1170 demicilioque
1151 1085 1193 1142 ibi

194 1167 230 1224 10
240 1178 423 1245 comparato,
445 1167 482 1226 L.
519 1167 716 1244 Tarquinium
749 1165 885 1223 Priscum
917 1163 1036 1222 'edidere
1070 1183 1191 1221 nomen.

162 1255 163 1258 ’
240 1244 380 1306 Romanis
394 1247 585 1324 conspicuum
599 1265 668 1304 eum
681 1245 795 1306 novitas
808 1238 1146 1320 divitiaeque'l'eciebant,
1163 1253 1194 1302 et

239 1326 301 1402 ipse
316 1326 462 1385 fortunam
482 1327 607 1404 benigno
628 1325 915 1402 alloquio,com1tate
935 1321 1087 1394 invitandi,
1100 1323 1192 1380 bene-

239 1405 372 1482 ficiisque
392 1425 465 1484 quos
487 1415 596 1484 poterat
618 1405 672 1463 sibi
693 1403 884 1474 conciliando,
899 1401 1075 1478 adjuvabat3
1098 1402 1193 1474 donee

239 1485 270 1542 in
282 1488 392 1563 regiam
404 1505 518 1563 quoque
529 1485 565 1543 de
580 1505 614 1543 eo
629 1484 707 1542 fama
715 1484 829 1560 ‚perlata
840 1492 900 1540 est:
911 1482 1110 1559 notitiamque
1125 1501 1193 1540 earn

192 1567 228 1622 15
240 1564 330 1636 brevi,
346 1566 423 1642 apud
438 1584 537 1643 regem
558 1563 717 1622 liberaliter
737 1563 912 1638 dextereque
933 1561 1064 1620 obeundo
1083 1561 1190 1632 officia,

239 1644 269 1700 in
285 1644 437 1703 familiaris
449 1645 583 1702 amicitiae
595 1643 755 1701 adduxerat
762 1643 840 1718 jura,
850 1651 882 1700 ut
892 1641 1018 1719 publicis
1031 1641 1141 1718 pariter
1155 1661 1193 1700 ac

239 1725 359 1801 privatis
380 1723 507 1782 consiliis
528 1722 604 1780 bello
624 1723 759 1798 domique
779 1722 939 1798 interesset,
962 1729 1000 1790 et,
1021 1721 1193 1798 peremnia

239 1812 384 1879 expertus,
406 1812 549 1880 postremo
576 1810 652 1860 tutor
679 1803 767 1877 etiam
794 1801 894 1858 liberis
918 1801 996 1877 regis
1019 1808 1193 1873 testamento

239 1881 449 1940 institueretur.
1033 1898 1035 1902 ·

189 1964 229 2020 20
281 1960 406 2019 XXXV.
429 1961 576 2039 Regnavit
586 1961 691 2019 Ancus
706 1961 796 2018 almos
809 1969 946 2037 quattuor
959 1968 988 2017 et
1002 1960 1115 2037 viginti,
1126 1961 1189 2018 cui·
1226 2027 1232 2036 ἱ

239 2039 309 2098 libet
322 2042 505 2119 superiorum
519 2060 622 2118 regum
634 2041 712 2098 belli
726 2041 865 2117 pacisque
886 2048 915 2097 et
929 2039 1039 2097 artibus
1053 2050 1082 2097 et
1095 2040 1192 2118 gloria

239 2139 302 2197 par.
344 2119 361 2178 J
365 2140 412 2178 am
435 2121 488 2178 filii
510 2140 598 2198 prope
619 2119 760 2198 puberem
781 2129 895 2177 aetatem
915 2129 1016 2177 erant:
1041 2137 1075 2176 eo
1095 2121 1193 2197 magis

240 2199 421 2276 Tarquinius
436 2201 552 2270 instare,
565 2210 597 2257 ut
610 2218 700 2277 quam
713 2199 841 2276 primum
855 2198 972 2256 comitia
986 2199 1050 2278 regi
1064 2199 1192 2256 creando

240 2279 352 2336 fierent.
405 2279 521 2346 Quibus
548 2280 672 2350 indictis,
701 2278 756 2336 sub
780 2287 894 2354 tempus
921 2296 1027 2354 pueros
1051 2288 1192 2336 venatum

189 2361 229 2418 25
241 2358 403 2435 ablegavit:
425 2360 508 2436 isque
530 2360 641 2436 primus
661 2367 691 2416 et
712 2358 817 2435 petisse
840 2357 988 2415 ambitiose
1012 2377 1146 2434 regnum,
1161 2368 1194 2417 ct

239 2438 398 2496 orationem
419 2439 525 2497 dicitur
538 2438 675 2496 habuisse
697 2437 733 2494 ad
754 2437 950 2494 conciliandos
970 2437 1063 2514 plebis
1077 2438 1191 2496 animos

239 2519 435 2595 compositam,
451 2537 529 2588 eum,
549 2538 580 2576 se
601 2535 657 2576 non
679 2537 742 2574 rem
762 2535 868 2574 novam
889 2525 995 2593 petere,
1010 2518 1117 2593 quippe
1138 2518 1192 2594 qui

238 2616 295 2655 non
309 2599 430 2675 primus,
445 2597 521 2674 quod
536 2597 691 2675 quisquam
705 2597 849 2674 indignari
864 2596 1002 2654 mirarive
1017 2604 1122 2673 posset,
1137 2597 1188 2654 sed

238 2679 341 2736 tertius
360 2677 462 2736 Romae
475 2679 646 2756 peregrinus
661 2695 785 2754 regnum
800 2675 932 2733 affectet:
953 2685 983 2732 et
996 2675 1118 2733 Tatium
1132 2694 1191 2734 non

190 2761 229 2816 ³0
239 2776 275 2815 ex
290 2759 443 2834 peregrino
461 2756 565 2828 solum,
580 2756 630 2814 sed
645 2757 734 2814 etiam
755 2774 792 2812 ex
806 2755 896 2826 hoste,
911 2774 1011 2832 regern
1025 2753 1146 2824 factum,
1161 2766 1191 2814 et

239 2835 380 2905 Numam,
396 2836 532 2913 ignarum
555 2835 644 2903 urbis,
659 2852 717 2892 non
739 2843 894 2911 petentem,
910 2835 941 2892 in
964 2853 1089 2912 regnum
1112 2835 1192 2893 ultro
1248 2872 1251 2876 -

239 2915 384 2972 accitum:
406 2934 447 2985 se,
462 2933 498 2971 ex
519 2932 577 2990 quo
597 2915 643 2972 sui
664 2922 765 2991 potens
786 2911 883 2985 fuerit,
899 2914 1024 2972 Romam
1038 2933 1108 2972 cum
1121 2933 1190 2972 con-

237 2993 308 3071 juge
323 3013 359 3051 ac
374 2992 496 3052 fortunis
516 2993 894 3070 omnibussscommigrasse:
916 2993 1057 3069 majorem
1077 3003 1190 3070 partem

240 3073 332 3130 aetatis
356 3073 429 3150 ejus,
451 3093 539 3150 quam
567 3073 704 3131 civilibus
730 3072 834 3132 officiis
862 3072 1021 3151 fungantur
1048 3074 1190 3145 homines,

190 3157 229 3214 35
240 3152 342 3211 Rama
356 3173 387 3210 se
401 3171 491 3229 quam
504 3153 534 3210 in
549 3163 647 3210 vetere
668 3153 762 3230 patria
776 3153 901 3211 vixisse:
923 3153 998 3211 domi
1019 3153 1190 3230 militiaeque

239 3233 294 3290 sub
314 3232 392 3290 haud
407 3233 567 3309 paenitendo
589 3231 830 3309 magistro-ipse
844 3232 930 3290 Anco
944 3232 1191 3309 rege—Romana

239 3333 270 3371 se
282 3312 360 3390 jura,
376 3312 522 3370 Romanos
541 3313 614 3370 ritus
635 3311 789 3370 didicisse:
810 3312 948 3388 obsequio
963 3322 992 3369 et
1005 3311 1191 3371 observantia

238 3393 270 3450 in
291 3411 391 3470 regem
406 3411 475 3449 cum
494 3393 636 3460 omnibus,
651 3391 829 3468 benignitate
852 3411 924 3467 erga
941 3391 1014 3449 alios
1034 3410 1104 3449 cum
1118 3409 1190 3468 rege

357 3473 419 3549 ipso
439 3481 577 3530 certasse.
619 3469 694 3528 Haec
711 3489 779 3528 eum
800 3471 878 3528 haud
893 3469 967 3528 falsa
981 3480 1190 3528 memorantem

262 3593 269 3608 .
304 3593 336 3620 .,
357 3552 468 3627 ingenti
482 3569 625 3608 consensu
639 3550 763 3627 populus
782 3549 932 3607 Romanus
947 3569 1071 3627 regnare
1089 3551 1189 3625 jussit.

301 3670 309 3686 .
356 3629 437 3706 Ergo
465 3631 561 3688 virum
595 3639 693 3686 cetera
723 3629 876 3704 egregium
903 3639 1013 3696 secuta,
1041 3647 1131 3704 quam
1159 3630 1191 3687 in

263 3748 270 3763 .
305 3747 313 3763 .
359 3706 480 3783 petendo
507 3708 657 3779 habuerat,
679 3708 766 3764 etiam
790 3716 960 3782 regnantem
985 3706 1103 3764 ambitio
1127 3717 1190 3765 est:

302 3825 309 3842 .
358 3803 414 3842 nec
437 3787 533 3842 minus
555 3786 637 3862 regni
658 3786 705 3842 sui
722 3785 857 3842 firmandi
876 3803 966 3860 quam
985 3784 1128 3862 augendae
1147 3787 1190 3844 rei

358 3859 482 3937 publicae
496 3882 614 3934 memor,
629 3872 748 3922 centum
762 3864 793 3920 in
807 3872 903 3941 patres
916 3862 996 3940 legit,
1011 3865 1063 3940 qui
1083 3863 1189 3924 deinde
