2717 4292
199 303 238 366 52
612 307 669 348 riri
692 307 765 347 mvn

247 443 341 505 hostes
355 439 480 510 vidisset,
492 439 691 517 trepidamque
705 437 820 494 turbam
833 450 954 493 suorum
968 451 1051 492 mma
1065 432 1192 493 ordines·

246 541 304 600 que
315 520 489 597 relinquere,
499 519 709 594 reprehensans
722 515 860 592 singulos,
872 514 1022 583 obsistens,
1033 513 1194 572 obtestans-

247 621 304 677 que
328 600 414 658 deum
442 609 470 656 et
498 598 646 655 hominum
673 593 769 664 fidenl,
797 593 966 663 testabatur,
994 592 1194 668 nequidquam

247 680 359 738 deserto
380 676 511 755 praesidio
525 696 574 734 eos
596 675 715 752 fugere:
736 675 761 730 si
775 673 928 731 transitum
949 681 1064 749 pontem
1079 690 1096 728 a
1110 682 1194 748 tergo

218 765 237 819 5
249 747 439 833 reliquissent,
448 756 510 832 jam
521 757 586 832 plus
597 754 722 811 bostium
733 753 762 808 in
774 751 883 808 Palatio
893 750 1092 826 Capitolioque
1102 769 1193 826 quam

247 838 277 894 in
298 836 432 894 Janiculo
454 834 523 892 fore.
565 832 666 909 Itaque
687 849 813 898 monere,
834 829 1002 906 praediccre,
1024 839 1055 886 ut
1076 841 1194 907 pontem

249 915 325 973 serro
338 915 408 992 igni,
422 931 608 990 quacumque
623 912 651 968 vi
669 912 784 988 possint,
799 910 1028 985 interrumpunt:
1049 928 1081 965 se
1101 910 1180 984 impe

248 1004 309 1052 turn
324 995 456 1061 hostium,
470 1001 611 1068 quantum
625 1008 744 1066 corpore
758 1007 816 1045 uuo
827 1006 920 1064 posset
933 988 1040 1057 obsisti,
1055 999 1193 1062 exceptu·

249 1092 324 1130 rum.
365 1071 454 1130 Vadit
471 1069 536 1127 inde
558 1071 587 1126 in
609 1070 734 1146 primum
759 1067 868 1124 aditum
889 1067 990 1144 pontis,
1012 1067 1193 1144 insignisque

203 1146 323 1214 winter
337 1159 490 1226 conspecta
503 1149 668 1207 cedentium
684 1165 790 1224 pugnae
808 1156 898 1222 terga,
908 1146 1039 1204 obversis
1059 1147 1193 1204 cominus

249 1231 285 1288 ed
305 1229 464 1287 ineundum
484 1228 620 1305 proelium
641 1227 739 1295 armis,
753 1225 815 1302 ipso
835 1224 977 1282 miraculo
999 1224 1130 1282 audaciae
1142 1225 1193 1282 ob·

248 1307 401 1386 stupefecit
420 1308 524 1366 hostes.
566 1305 647 1364 Duos
661 1315 758 1362 tamen
779 1323 848 1362 cum
862 1323 897 1361 eo
916 1303 1008 1379 pudor
1022 1304 1123 1372 tenuit,
1138 1303 1192 1379 Sp.

249 1386 389 1447 Larcium
410 1405 446 1445 ac
467 1385 506 1444 T.
529 1384 725 1453 Herminium,
741 1383 839 1440 ambos
852 1382 947 1440 claros
967 1401 1074 1460 genere
1095 1381 1193 1439 factis·

248 1486 315 1544 que.
356 1466 434 1524 Cum
446 1465 492 1524 his
506 1466 628 1542 primam
643 1462 767 1539 periculi
781 1460 938 1539 procellam
952 1470 981 1518 et
994 1461 1070 1537 quod
1083 1461 1193 1518 tumul-

202 1546 442 1608 ramosissimum
463 1561 569 1622 pugnoe
589 1552 659 1613 erat,
674 1559 832 1619 parumper
850 1541 1003 1599 sustinuit:
1026 1539 1128 1608 deinde
1143 1559 1194 1598 cos

248 1643 362 1702 quoqne
376 1625 461 1701 ipsos,
476 1624 583 1700 exigua
597 1631 677 1697 parte
692 1621 785 1696 pontis
799 1620 909 1688 relicta,
925 1620 1127 1677 revocantibus
1141 1619 1195 1694 qui
1227 1659 1233 1668 -

200 1769 203 1776 ,
249 1703 457 1772 rescindebant,
472 1701 576 1759 cedere
588 1701 620 1757 in
634 1709 728 1757 tutum
747 1700 851 1776 coegit.
893 1698 1111 1756 circumferens
1124 1697 1193 1755 inde

248 1791 346 1839 truces
371 1781 522 1838 minaciter
545 1778 644 1838 oculos
667 1778 703 1835 ad
726 1796 861 1855 proceres
888 1777 1090 1847 Etruscorum,
1111 1795 1194 1834 nunc

248 1859 377 1937 singulos
391 1878 547 1936 pmvocare
567 1877 646 1916 nunc
667 1858 819 1932 increpare
833 1876 940 1924 omnes,
955 1858 1074 1915 servitia
1088 1875 1194 1934 regum

201 1949 238 2002 20
248 1940 445 2016 superborum,
460 1957 521 1995 suae
535 1938 675 1995 libertatis
695 1937 888 2005 immemores,
906 1936 1029 1993 alienam
1044 1954 1193 2012 oppugna·
1246 1986 1250 1990 i
1353 1928 1354 1933 '

247 2028 310 2076 tum
325 2019 433 2076 venire.
475 2017 611 2076 Cunctati
626 2016 804 2093 aliquamdiu
825 2024 901 2085 suut,
916 2015 986 2072 dum
1000 2016 1076 2072 alius
1090 2015 1192 2085 alium,

249 2107 281 2156 ut
308 2098 443 2174 proelium
473 2097 621 2174 incipiant,
651 2097 905 2169 circumspectant.
961 2094 1057 2152 Pudor
1089 2093 1194 2152 deinde

248 2178 402 2234 commovit
426 2177 528 2245 aciem,
549 2185 577 2233 et
602 2176 728 2233 clamore
752 2174 865 2232 sublato
893 2173 1020 2250 undique
1044 2174 1074 2230 iu
1099 2192 1194 2231 unum

248 2255 358 2312 hostem
372 2255 431 2312 tela
444 2255 610 2330 conjiciunt.
651 2254 728 2318 Quae
742 2272 810 2310 cum
821 2253 851 2309 iu
864 2253 975 2329 objecto
989 2263 1096 2310 cuncta
1109 2263 1195 2311 scuto

200 2343 239 2398 25
249 2333 405 2403 haesisseut,
420 2352 514 2410 neque
529 2334 578 2390 ille
596 2333 692 2390 minus
706 2332 864 2390 obstinatus
884 2333 995 2410 ingenti
1015 2342 1129 2408 pontem
1143 2333 1192 2389 ob·

249 2413 351 2470 tineret
371 2412 472 2488 gradu,
491 2413 554 2488 jam
578 2413 686 2487 impetu
708 2412 887 2468 conabantur
910 2411 1064 2469 detrudere
1085 2413 1192 2481 virum,

249 2510 316 2550 cum
331 2491 417 2548 simul
433 2490 529 2568 fragor
543 2493 619 2568 rupti
633 2492 737 2566 pontis,
752 2491 839 2547 simul
859 2491 969 2548 clamor
984 2490 1192 2562 Romanorum,

249 2569 399 2629 alacritate
413 2570 533 2648 perfecti
553 2572 648 2647 operis
668 2570 809 2639 sublatus,
825 2588 931 2646 pavore
944 2571 1039 2627 subito
1053 2572 1193 2646 impeturn

248 2651 392 2708 sustinuit.
435 2650 514 2708 Tum
540 2650 644 2708 Cocles
669 2656 687 2684 “
700 2649 839 2707 Tiberine
867 2647 969 2725 pater'’
997 2650 1099 2725 inquit,
1125 2656 1193 2720 “te,

200 2739 238 2794 80
248 2740 356 2799 sancte,
369 2747 478 2805 precor,
493 2730 556 2787 haec
572 2748 653 2786 arma
666 2740 696 2787 et
710 2728 788 2785 hunc
803 2728 923 2787 militem
938 2729 1058 2805 propitio
1071 2728 1193 2786 flumine

249 2807 409 2885 accipias.''
450 2807 494 2866 Ita
507 2809 550 2865 sic
564 2818 695 2865 armatus
708 2808 738 2863 in
752 2807 883 2864 Tiberim
897 2807 1022 2865 desiluit.
1035 2808 1194 2884 multisque

249 2885 529 2960 superincidentibus
555 2887 629 2955 telis,
649 2886 805 2943 incolumis
829 2886 864 2944 ad
888 2905 956 2944 suos
979 2887 1114 2955 tranavit,
1130 2905 1194 2944 rem

250 2982 337 3022 ausus
351 2965 415 3041 plus
429 2963 515 3021 famae
525 2965 687 3022 habituram
699 2964 734 3021 ad
746 2975 872 3040 posteros
881 2984 971 3041 quarn
981 2965 1059 3023 fidei.
1099 2965 1195 3023 Grata

250 3061 320 3120 erga
334 3047 442 3101 tantam
453 3044 589 3101 virtutem
603 3045 706 3101 civitas
720 3042 791 3101 suit:
812 3054 908 3102 statua
918 3045 948 3100 in
962 3046 1078 3103 comitio
1091 3046 1194 3122 posita,

201 3131 239 3187 35
251 3123 313 3198 agri
327 3132 468 3199 quantum
482 3141 539 3180 uno
553 3122 598 3180 die
613 3123 821 3180 circumaravit
834 3123 944 3181 datum.
990 3123 1108 3181 Privata
1122 3143 1194 3201 quo·

250 3220 306 3277 que
320 3202 395 3258 inter
409 3202 538 3276 publicos
558 3202 679 3260 honore's
693 3202 788 3259 studia
801 3203 983 3260 eminebant:
1004 3221 1073 3260 narn
1087 3203 1118 3259 in
1133 3222 1191 3261 ma

249 3298 308 3356 gna
328 3281 431 3357 inopia,
444 3299 494 3358 pro
515 3280 678 3338 domesticis
699 3282 789 3357 copiis
809 3283 1009 3358 unusquisque
1024 3283 1052 3338 ei
1073 3282 1195 3358 aliquid,

250 3357 388 3417 fraudans
402 3379 432 3417 se
447 3361 507 3435 ipse
520 3361 602 3417 victu
616 3379 677 3429 suc,
693 3360 823 3417 contulit.
907 3397 912 3408 -

290 3438 355 3497 XII.
379 3438 496 3496 Obsidio
510 3450 572 3497 erat
592 3439 779 3496 nihilominus
793 3449 821 3496 et
836 3437 973 3496 frumenti
995 3459 1064 3507 cum
1078 3458 1195 3498 summa

190 3528 239 3584 ·40
250 3519 369 3576 caritate
383 3519 488 3593 inopia,
503 3516 685 3593 sedendoque
699 3528 934 3595 expugnaturum
949 3539 980 3576 se
995 3519 1098 3576 urbem
1112 3537 1195 3594 spem

251 3596 369 3653 Porsina
389 3598 520 3666 habebat,
536 3615 604 3654 curn
624 3596 658 3654 C.
679 3596 807 3666 Mucius,
829 3597 997 3654 adolescens
1016 3597 1129 3667 nobilis,
1145 3598 1195 3656 cui

249 3673 400 3751 indignum
414 3675 572 3744 videbatur,
588 3675 727 3752 populum
748 3675 912 3732 Romanum
927 3677 1110 3747 servientem,
1126 3695 1195 3734 cum

249 3751 311 3810 sub
325 3752 442 3828 regibus
467 3763 550 3823 asset,
565 3754 646 3811 nullo
667 3753 743 3810 bello
766 3772 822 3812 ncc
847 3755 884 3811 ab
904 3755 1034 3812 hostibus
1058 3755 1128 3812 ullis
1148 3756 1195 3815 ob-

249 3847 362 3890 seaeum
375 3848 448 3901 esse,
463 3830 587 3889 liberum
601 3831 726 3890 eundem
740 3831 929 3910 populum-ab
943 3833 1046 3892 iisdem
1060 3832 1197 3894 Etruscis
