2717 4292
268 868 633 946 ARGUMENI'UM
662 871 805 947 LIBRI
834 871 1000 949 PRIMI.

190 1399 214 1459 1,
231 1398 266 1451 II
291 1398 420 1449 Adventus
438 1397 527 1447 AEnes
549 1398 576 1447 in
598 1396 698 1447 Italiam
719 1403 745 1446 et
760 1414 798 1447 res
816 1404 897 1464 gestu,
935 1398 987 1450 111.
1006 1399 1106 1452 Ascanii

157 1491 261 1542 regnum
271 1474 343 1526 Albus
354 1481 380 1524 et
390 1476 503 1538 deinceps
509 1474 644 1523 Siluiorum.
667 1472 711 1522 IV.
723 1471 856 1523 Numitoris
866 1475 916 1525 lilia
924 1491 940 1525 a
947 1475 1104 1525 Murtecom·

157 1568 239 1616 prens
249 1553 303 1602 nati
313 1551 432 1600 Romulus
442 1557 468 1599 et
483 1550 583 1599 Remus
615 1549 645 1597 V.
661 1547 775 1598 Amulius
785 1551 946 1599 obtruncatur.
978 1552 1023 1600 VI.
1039 1551 1104 1600 Urbs

158 1627 403 1677 aRomulocondita
435 1625 509 1675 VIII.
527 1626 633 1675 Senatus
643 1626 727 1674 lectus
752 1624 783 1674 X.
799 1625 890 1690 Opima
900 1626 976 1689 spolia
996 1625 1104 1676 Feretrio

157 1703 212 1753 Jovr
232 1705 289 1753 utu
330 1702 376 1752 xa
400 1702 465 1751 cum
480 1702 575 1750 sabina
590 1702 714 1750 bellatum.
757 1691 833 1750 xm.
857 1702 889 1750 1a
908 1702 987 1751 cusu
1002 1703 1104 1765 populus

157 1779 251 1830 divisus
284 1777 354 1836 XIV,
365 1778 418 1827 XV.
436 1777 565 1827 Fidenates
577 1783 601 1826 et
611 1777 725 1826 Veientes
736 1777 800 1826 victi.
832 1777 899 1827 XVI.
916 1777 1034 1827 Romulus
1044 1795 1102 1828 eon·

155 1863 271 1906 secretus
303 1854 402 1912 XVIII,
415 1853 463 1903 dm.
478 1853 565 1906 Numa
576 1852 707 1916 Pompilius
722 1854 781 1902 ritus
791 1869 914 1903 sacrorum
925 1855 1028 1913 tradidit,
1038 1855 1103 1904 Jano

156 1933 276 1995 templum
295 1932 425 1988 constituit,
443 1929 541 1992 ejusque
558 1935 660 1991 portum,
678 1932 772 1992 pacatis
791 1931 901 1978 omnbus
918 1933 984 1980 clrca
1001 1933 1102 1994 populis,

155 2010 249 2072 prtmue
258 2007 352 2056 clausit
385 2006 451 2056 Cum
461 2007 508 2055 dea
520 2005 609 2069 Egeria
617 2007 661 2054 sibi
674 2021 815 2069 congressus
826 2013 955 2055 nocturnos
965 2023 1017 2055 mss
1027 2009 1103 2056 dmu-

156 2085 219 2146 lans,
231 2085 323 2133 seroces
333 2083 412 2146 populi
423 2082 516 2131 animos
527 2081 559 2130 ad
569 2082 708 2146 religionem
718 2082 827 2144 perpulit
859 2080 944 2139 XXII,
957 2080 1005 2130 &c
1016 2081 1102 2132 'I'ullue

156 2159 274 2209 Hostilius
285 2159 393 2207 Albanos
404 2157 549 2220 bellopetiit.
590 2155 668 2205 XXV.
685 2156 978 2222 Trigemmoeumpugua.
1010 2156 1102 2208 XXVI.

156 2235 273 2285 Horatius
285 2236 412 2283 absolutus
446 2233 527 2283 Mettii
538 2233 635 2282 Fuffetii
646 2235 797 2296 supplicium.
824 2233 890 2283 Albo
900 2235 985 2283 diruta.
1012 2234 1102 2284 Albani

156 2313 182 2360 in
194 2313 317 2361 civitatem
328 2310 425 2373 recepti
449 2309 544 2358 Sabinis
554 2309 644 2358 bellum
655 2309 779 2358 indictum.
796 2309 837 2359 Ad
847 2316 993 2372 postremum
1001 2312 1102 2359 tulmIno
1153 2323 1157 2328 ’

157 2387 246 2436 Tullus
266 2387 412 2448 absumptus
451 2384 557 2434 XXXII.
581 2383 667 2433 Auem
686 2383 794 2434 Marcius
813 2387 962 2434 carimonias
982 2402 998 2434 a
1016 2385 1102 2435 Numa

156 2464 278 2512 Institutas
295 2461 425 2510 renovavit.
457 2459 577 2509 XXXIII.
594 2459 687 2509 Latinis
700 2462 770 2510 victis
781 2467 806 2510 et
822 2462 853 2510 ad
870 2462 992 2510 civitatem
1008 2463 1104 2510 adscitb

156 2546 267 2589 montem
284 2539 434 2588 Aventinum
450 2538 587 2601 assignavit
620 2536 766 2594 Politorium,
783 2538 867 2585 urbem
883 2536 1024 2585 Latinorum
1040 2538 1102 2586 bello

156 2618 294 2679 repetitam,
305 2631 379 2678 quam
391 2614 464 2662 Prisci
475 2612 557 2662 LatIni
568 2620 756 2674 occupaverunt,
767 2612 852 2659 diruit:
867 2618 966 2673 pontem
976 2613 1103 2660 sublicium

157 2694 183 2742 in
194 2692 301 2741 'liberim
312 2692 380 2740 tecit:
396 2690 536 2739 Ianiculum
547 2688 633 2736 collem
644 2687 696 2735 urbi
708 2686 808 2735 eddidit:
824 2685 885 2734 fines
895 2686 984 2748 imperii
995 2686 1103 2749 protulit:

158 2761 376 2818 Ostiam'condidit
408 2765 532 2832 Regnavit
549 2779 625 2813 annos
636 2764 843 2828 vigintiquatuor.
876 2762 992 2812 XXXIV.
1010 2762 1050 2812 Eo
1066 2779 1104 2813 re·

158 2851 258 2910 guenta,
265 2844 376 2893 Lucumo
383 2842 507 2892 Demarati
515 2841 630 2890 Corinthii
638 2839 880 2903 filim,a'l'arquiniis,
888 2839 989 2890 Etrurine
998 2841 1103 2901 civitate,

158 2921 265 2970 Romam
276 2922 350 2977 venit,
362 2925 395 2981 et,
406 2920 432 2967 in
449 2919 580 2967 amicitiam
591 2916 657 2966 Anci
672 2922 791 2980 receptus,
803 2915 926 2980 Tarquinii
939 2928 1027 2980 nomen
1042 2919 1103 2967 serre

159 2998 238 3059 eoepit,
249 3001 337 3058 etpost
348 3001 451 3043 mortem
463 2995 528 3042 Anci
538 3009 640 3058 regnum
652 2995 753 3056 excepit
785 2992 885 3042 XXXV.
902 2994 1009 3043 Centum
1019 2994 1104 3043 additis

159 3079 257 3135 patrum
276 3087 405 3120 numerum
425 3071 499 3119 auxit.
531 3069 632 3119 Latinos
648 3071 750 3134 subegit,
768 3070 861 3118 circum
876 3071 1018 3134 desIgnavit,
1036 3072 1103 3119 ludos

159 3149 238 3197 edIdit.
272 3147 416 3196 SubInorum
432 3147 495 3195 bello
510 3146 605 3209 petitus,
623 3147 729 3208 equitum
746 3147 866 3195 centurias
883 3147 1013 3209 ampliavit.
1054 3146 1103 3195 IIIc

128 3261 131 3266 -
159 3224 284 3273 tentandus
295 3225 401 3272 scientim
412 3222 474 3272 Attii
485 3221 511 3270 N
512 3223 559 3271 avii
571 3223 666 3287 auguris
675 3226 750 3271 cenet
760 3224 836 3271 turtur
844 3239 901 3272 eum
909 3223 1062 3279 consuluisse,
1072 3238 1105 3270 an

159 3301 192 3358 id,
203 3302 234 3349 de
244 3315 292 3362 quo
302 3300 427 3364 cogitaret,
439 3299 503 3348 effici
519 3304 613 3362 possst3
628 3299 691 3361 quod
701 3313 760 3346 cum
776 3299 815 3346 ille
826 3298 878 3346 fieri
893 3313 961 3360 posse
971 3299 1103 3359 respondis·

159 3382 204 3433 set,
219 3375 316 3438 jussisse
327 3391 384 3424 eum
395 3376 515 3424 novacula
531 3381 609 3424 cotem
626 3375 762 3438 precidere,
774 3373 844 3434 idque
855 3374 886 3422 ab
902 3389 931 3420 eo
946 3375 1052 3435 protinus
1067 3373 1105 3419 ta·

161 3459 238 3500 otum.
264 3451 366 3500 Sabinos
377 3457 494 3514 praeterea
505 3451 629 3500 sclavicit.
653 3449 744 3499 Urbem
756 3463 824 3496 muro
836 3448 998 3502 circumdedit,
1010 3447 1106 3493 cloacas

161 3527 224 3576 lecit
258 3525 311 3576 XL
327 3527 430 3576 Occisus
441 3533 477 3575 est
498 3528 528 3575 ab
539 3527 604 3576 Anci
618 3526 679 3583 filiis,
696 3540 754 3574 cum
770 3528 895 3587 regnasset
913 3537 990 3570 annos
1008 3522 1105 3584 triginta

161 3609 222 3652 octo.
255 3602 323 3653 XLI.
341 3604 461 3652 Successit
471 3605 493 3652 ei
505 3603 556 3651 Ser.
565 3601 666 3659 Tullum,
677 3608 750 3650 natus
761 3616 791 3648 ex
802 3599 898 3661 captiva
909 3598 980 3646 nobili
989 3597 1105 3646 Conticu-

161 3680 233 3729 lana:
257 3681 296 3728 cui
311 3696 394 3743 puero,
412 3681 492 3728 adbuc
510 3681 535 3728 iu
553 3680 621 3727 cunis
638 3679 721 3741 posito,
740 3681 813 3738 caput
833 3675 917 3723 muse
932 3675 1045 3722 traditum
1063 3679 1104 3722 est.

161 3755 277 3805 Veientes
288 3763 360 3820 atque
372 3757 487 3806 Etmsces
497 3755 577 3818 praelio
588 3755 656 3803 ludit.
689 3752 797 3800 Ceusum
807 3752 898 3813 primus
908 3752 958 3814 egit
968 3756 993 3798 et
1004 3751 1105 3797 lustrum

163 3832 276 3891 condidIt,
300 3848 349 3898 quo
373 3833 464 3884 civium
482 3831 563 3894 cupite
582 3844 656 3878 censa
678 3827 801 3891 octoginta
820 3827 894 3873 milia
916 3841 968 3873 esee
988 3825 1101 3871 dicantar
