2717 4292
477 333 565 374 urnas
585 332 617 374 v.
658 330 725 374 car.
743 332 825 374 nvn
1105 324 1144 388 91

149 474 291 543 ragentes
312 483 364 542 per
385 482 471 543 agros
491 473 520 522 et
532 472 731 542 ‘congregatos
751 464 876 541 agmine,
890 461 1018 541 predam
1038 481 1099 541 praa

150 565 180 604 se
195 554 326 624 agentes,
342 554 370 603 et
390 554 488 602 castra
501 546 659 602 cernebant
679 543 757 601 haud
779 544 879 620 procul
893 543 977 601 Veiis
993 545 1096 621 posita.

153 624 219 684 lude
235 627 363 701 primum
377 625 523 681 miseratio
542 624 597 693 sui,
612 622 716 680 deinde
733 623 888 701 indignitas
901 634 988 700 atque
1010 643 1047 681 ex
1061 643 1098 682 ea

152 706 195 763 ira
223 706 335 762 animos
362 705 455 779 cepit:
492 702 663 760 Etruscisne
686 704 783 773 etiam,
809 721 828 759 a
853 704 960 779 quibus
987 703 1096 762 bellum

152 784 302 843 Gallicum
327 784 357 840 in
381 803 412 841 se
428 784 616 851 avertissent,
641 782 766 840 ludibrio
789 802 853 839 esse
877 782 977 840 clades
1003 783 1127 841 suaslli

154 863 210 920 Vix
225 874 424 940 temperavere
439 863 552 931 animis,
563 863 632 937 quin
648 862 792 939 externplo
802 863 941 938 impetum
957 861 1095 932 facerent,

150 944 366 1019 compressique
392 962 409 999 a
436 941 562 999 Caedicio
585 942 763 1011 centurione,
788 960 877 1018 quem
905 941 1019 998 sibimet
1043 941 1097 1018 ipsi

151 1022 350 1097 praefecerant,
377 1040 437 1079 rem
461 1020 492 1077 iu
516 1030 629 1078 noctem
657 1022 830 1078 sustinuere.
887 1020 1016 1078 Tantum
1044 1038 1098 1096 par

149 1100 276 1159 Camillo
303 1099 394 1160 defuit
421 1110 530 1170 auctor,
559 1107 657 1158 cetera
684 1099 785 1157 eodem
811 1099 911 1157 ordine
938 1098 1097 1176 eodemque

150 1178 274 1237 fortunae
294 1190 401 1237 eventu
421 1189 512 1257 gesta.
555 1178 738 1245 Quinetiam
759 1174 882 1236 ducibus
895 1179 1026 1255 captivis,
1045 1179 1096 1256 qui
1109 1182 1146 1238 10

150 1258 223 1317 caedi
237 1269 387 1317 nocturnae
400 1256 610 1336 superfuerant,
629 1257 666 1315 ad
688 1257 775 1315 aliam
789 1276 909 1316 manum
930 1258 1097 1317 Tuscorum

151 1338 188 1397 ad
202 1338 319 1396 Salinas
334 1337 463 1415 profecti,
475 1347 558 1395 nocte
569 1339 740 1414 insequente
748 1355 784 1394 ex
793 1337 947 1413 improviso
957 1338 1097 1413 majorem

149 1418 261 1475 caedem
276 1417 401 1489 edidere,
416 1417 583 1495 duplicique
592 1416 714 1474 victoria
727 1425 846 1472 ovantes
860 1414 950 1472 Veios
963 1416 1094 1473 redeunt.

192 1496 303 1554 XLVI.
339 1496 440 1555 Romae
467 1498 583 1554 interim
611 1494 783 1571 plerumque
810 1492 918 1551 obsidio
945 1494 1042 1570 segnis
1068 1501 1097 1550 et

150 1577 299 1652 utrimque
313 1576 459 1634 silentium
480 1594 553 1645 esse,
569 1574 605 1633 ad
626 1574 655 1631 id
677 1582 789 1630 tantum
810 1572 927 1630 intentis
941 1570 1044 1641 Gallis,
1059 1590 1096 1629 ne
1109 1578 1145 1633 15

149 1656 218 1731 quis
239 1656 362 1712 hostium
382 1654 506 1713 evadere
527 1655 602 1711 inter
615 1653 752 1711 stationes
770 1662 873 1728 posset,
888 1670 957 1708 cum
978 1660 1096 1728 repente

147 1734 267 1809 juvenis
290 1734 438 1791 Romanus
453 1734 641 1791 admiratione
664 1732 695 1789 in
715 1752 747 1791 se
762 1732 842 1789 cives
862 1731 1014 1807 hostesque
1029 1748 1095 1788 con-

150 1815 247 1871 vertit.
290 1813 476 1871 Sacrificium
497 1822 560 1869 erat
580 1821 687 1869 statum
708 1813 738 1868 in
759 1810 907 1877 Quirinali
921 1810 996 1867 colle
1016 1810 1096 1887 genti

150 1892 268 1950 Fabiae:
292 1893 327 1949 ad
341 1892 369 1950 id
385 1891 551 1951 faciendum
565 1891 599 1949 C.
611 1890 722 1948 Fabius
735 1890 836 1960 Dorso,
847 1890 961 1947 Gabino
971 1889 1094 1958 cinctus,

149 1991 236 2029 sacra
250 1973 382 2030 manibus
402 1990 506 2051 gerens
521 1990 589 2029 cum
610 1969 645 2027 de
666 1970 806 2047 Capitolio
826 1968 1028 2037 descendisset,
1044 1986 1096 2044 per
1105 1973 1145 2029 20

149 2052 261 2109 medias
282 2052 406 2109 hostium
421 2052 556 2109 stationes
569 2068 713 2127 egressus,
728 2049 801 2106 nihil
823 2049 858 2106 ad
880 2065 982 2105 vocem
997 2047 1095 2123 cujus·

148 2150 239 2206 quam
261 2140 435 2189 terroremve
451 2141 553 2199 motus,
576 2130 606 2186 in
627 2128 812 2195 Quirinalem
829 2128 934 2187 collem
954 2126 1094 2204 pervenit,
1176 2196 1182 2203 Ι

149 2211 248 2287 ibique
262 2211 394 2268 omnibus
408 2210 584 2268 sollemniter
598 2209 723 2284 peractis
739 2208 841 2265 eadem
855 2215 1004 2265 revertens
1017 2205 1095 2263 simi-

149 2289 218 2347 liter
245 2291 387 2348 constanti
411 2289 495 2347 vultu
523 2287 785 2366 graduque-satis
811 2306 933 2365 sperans
959 2286 1095 2363 propitios

149 2388 214 2426 esse
229 2368 305 2439 deos,
320 2386 444 2445 quorum
464 2368 575 2427 cultum
597 2386 633 2425 ne
650 2368 751 2425 mortis
764 2367 881 2443 quidem
902 2374 981 2423 metu
1001 2364 1142 2443 probi-25

149 2448 229 2505 bitus
242 2447 486 2505 deseruisset-in
507 2447 682 2522 Capitolium
704 2445 740 2503 ad
761 2466 828 2504 suos
849 2445 942 2513 rediit,
957 2464 1010 2501 seu
1025 2454 1093 2502 atto-

148 2528 218 2585 nitis
240 2526 334 2585 Gallis
354 2527 496 2585 miraculo
517 2525 657 2596 audaciae,
672 2544 726 2582 seu
746 2526 886 2601 religione
900 2524 987 2579 etiam
1001 2521 1094 2591 motis,

148 2607 237 2683 cujus
261 2606 486 2682 haudquaquam
507 2604 659 2683 negligens
678 2622 750 2681 gens
771 2612 824 2659 est.
875 2600 958 2658 Veiis
980 2600 1095 2657 interim

149 2704 207 2743 non
223 2686 312 2743 animi
326 2696 439 2743 tantum
453 2686 483 2742 in
496 2684 558 2742 dies
571 2683 622 2741 sed
636 2684 724 2740 etiam
738 2682 815 2737 vires
829 2678 1016 2750 crescebant3
1039 2695 1095 2735 uec

149 2764 292 2823 Romanis
305 2765 399 2823 solum
414 2784 448 2822 eo
462 2763 700 2822 convenientibus
714 2780 751 2818 ex
762 2760 849 2837 agris,
864 2758 915 2835 qui
930 2768 980 2816 aut
993 2755 1095 2833 proelio
1106 2762 1145 2817 30

150 2844 272 2902 adverso
278 2854 337 2904 aut
351 2844 433 2902 clade
448 2854 540 2921 captae
555 2842 635 2900 urbis
649 2840 739 2919 palati
753 2838 877 2909 luerent,
892 2837 942 2896 sed
956 2837 1044 2896 etiam
1057 2854 1095 2894 ex

150 2921 236 2981 Latio
250 2923 421 2981 voluntariis
435 2921 655 2990 confluentibus,
671 2929 703 2979 ut
723 2921 753 2977 in
774 2930 855 2995 parte
869 2916 974 2995 praedae
986 2925 1093 2975 essent.

151 3000 301 3060 Maturum
318 3003 380 3079 jam
401 3002 562 3072 videbatur,
584 3000 684 3078 repeti
695 3000 827 3076 patriam,
841 2999 972 3076 eripique
989 3016 1026 3055 ex
1046 2997 1094 3055 ho-

149 3083 238 3139 stium
260 3083 401 3152 manibus,
418 3081 468 3140 sed
489 3081 601 3157 corpori
622 3079 719 3137 valido
737 3089 826 3155 caput
845 3078 954 3136 deerat.
997 3075 1095 3134 Locus

150 3161 211 3236 ipsc
233 3160 404 3219 admonebat
424 3160 552 3231 Camilli,
567 3167 596 3217 et
609 3176 717 3236 magna
737 3176 804 3235 pars
824 3158 948 3215 rnilitum
962 3166 1025 3214 erat
1044 3157 1144 3232 quiae

150 3240 240 3298 ductu
256 3242 442 3317 auspicioque
464 3241 528 3316 ejus
545 3258 591 3297 res
612 3256 746 3315 prospere
766 3246 932 3313 gesserant:
954 3245 983 3292 et
1002 3234 1094 3291 Caedi-

150 3320 215 3377 cius
235 3339 344 3398 negare
365 3340 396 3378 se
416 3320 648 3388 commissurum,
669 3336 725 3374 cur
748 3317 803 3374 sibi
828 3325 878 3373 aut
901 3313 1021 3372 deorum
1045 3323 1096 3371 aut

150 3400 300 3457 nominum
321 3401 476 3476 quisquam
500 3398 655 3475 imperium
673 3396 770 3454 finiret
793 3395 895 3471 potius,
917 3411 1006 3469 quam
1033 3388 1095 3467 ipse

150 3496 261 3536 memor
282 3480 389 3537 ordinis
409 3479 455 3535 sui
470 3488 599 3555 posceret
619 3478 831 3551 imperatorem.
872 3472 1022 3529 Consensu
1035 3488 1094 3528 om-

150 3557 232 3614 nium
253 3558 364 3636 placuit
389 3558 426 3615 ab
440 3557 540 3614 Ardea
562 3556 721 3614 Camillum
742 3552 842 3620 acciri,
858 3549 908 3608 sed
929 3558 1014 3606 antea
1028 3554 1143 3609 con-40

150 3636 225 3695 sulto
240 3647 353 3708 senatu,
368 3638 419 3713 qui
434 3637 534 3694 Romae
548 3645 640 3694 esset:
666 3633 739 3691 adeo
753 3632 871 3709 regebat
885 3630 981 3687 omnia
993 3626 1094 3704 pudor,

74 3772 78 3779 .
151 3716 377 3793 discriminaque
392 3735 490 3774 rerum
511 3734 598 3792 prope
612 3712 730 3792 perditis
745 3712 832 3768 rebus
845 3708 1008 3767 servabant.
1049 3706 1095 3766 ln-

150 3797 229 3873 genti
250 3797 383 3875 periculo
403 3795 611 3854 transeundum
632 3810 686 3869 per
705 3790 830 3848 hostium
850 3787 995 3847 custodias
1015 3797 1096 3848 erata

152 3876 190 3935 ad
210 3896 279 3936 eam
293 3895 356 3935 rem
376 3875 495 3934 Pontius
514 3872 672 3943 Cominius,
697 3870 821 3949 impiger
837 3869 964 3946 juvenis,
978 3887 1096 3947 operam
