2717 4292
207 343 247 408 28
627 357 687 400 rur
708 356 784 399 mvn

254 489 358 562 litium,
373 507 532 549 causarum
555 487 683 548 condixit
704 497 788 566 pater
808 495 940 564 patratus
958 483 1209 564 populiRomaui

254 571 415 638 Quiritium
430 570 504 646 patri
525 577 636 646 patrato
650 567 818 626 Priscorum
838 565 1012 624 Latinorum
1025 565 1205 624 hominihus-

253 669 312 727 que
327 651 434 708 Priscis
456 648 577 719 Latinis,
593 667 666 723 ques
687 666 735 705 res
754 665 812 704 nec
825 646 966 703 dederunt
979 664 1036 702 nec
1056 645 1207 705 solverunt

256 749 310 788 nec
325 728 466 798 fecerunt,
481 747 555 805 quas
568 746 616 784 res
629 727 693 784 dari
707 726 781 784 solvi
794 726 859 785 fieri
879 725 1011 802 oportuit,
1026 723 1096 783 dic''
1110 726 1208 800 inquit

227 809 292 880 bei,
313 827 402 884 quem
426 809 553 884 primum
576 807 750 864 sententiam
778 805 907 882 rogabat,
933 804 1030 880 “quid
1054 823 1160 862 censes
1170 803 1206 862 2”

256 887 336 946 Tum
350 887 418 944 ille:
441 894 459 921 ‘⁴
469 906 542 963 puro
560 887 664 963 pioque
679 885 778 943 duello
791 884 963 961 quaerendas
977 902 1091 952 censeo,
1106 885 1207 960 itaque

202 989 204 995 ·
255 967 402 1026 consentio
426 963 665 1041 consciscoque.’'
717 964 788 1023 Inde
812 963 920 1022 ordine·
938 963 992 1021 alii‘
1016 963 1205 1038 rogabantur,

255 1046 428 1123 quandoque
442 1065 510 1122 pars
524 1046 617 1120 major
631 1063 741 1113 eorum,
753 1044 805 1121 qui
819 1043 947 1112 aderant,
959 1044 990 1099 in
1003 1042 1127 1100 eandem
1141 1061 1206 1100 seu·
1269 1095 1272 1101 .

255 1127 375 1184 tentiam
397 1126 464 1194 ibat,
484 1124 597 1182 bellum
617 1134 682 1181 erat
705 1142 890 1181 consensum.
932 1123 1014 1180 Fieri
1031 1123 1159 1191 solitum,
1174 1132 1208 1181 ut

211 1207 245 1262 10
257 1205 362 1263 fetialis
374 1206 487 1262 hastam
499 1203 636 1262 ferratam
648 1213 699 1262 aut
708 1204 900 1280 sanguineam
911 1211 1067 1279 praeustam
1082 1201 1118 1258 ad
1132 1202 1208 1260 fines

255 1303 357 1343 eorum
378 1284 475 1354 ferret,
490 1293 520 1342 et
532 1302 590 1340 non
611 1283 710 1340 minus
729 1283 822 1340 tribus
855 1283 995 1340 uberibus
1015 1281 1207 1357 praesentibus

256 1363 383 1422 diceret:
406 1363 510 1441 “quod
524 1362 622 1440 populi
643 1362 810 1422 Priscorum
829 1301 1003 1420 llatInorum
1017 1360 1207 1437 hominesque

255 1443 348 1501 Prisci
359 1442 458 1501 Latini
472 1442 612 1500 adversus
625 1442 765 1520 populum
776 1441 942 1499 Romanum
952 1439 1115 1506 Quiritium
1129 1439 1206 1498 fece·

256 1532 332 1592 runt,
342 1522 535 1599 deliquerunt,
542 1521 620 1598 quod
632 1522 755 1598 populus
763 1520 914 1579 Romanus
923 1520 1084 1586 Quiritium
1094 1518 1207 1578 bellum

210 1603 244 1662 15
255 1621 323 1661 cum
339 1602 447 1662 Priscis
462 1601 576 1660 Latinis
587 1602 674 1677 jussit
688 1619 761 1670 esse,
776 1610 953 1676 senatusque
967 1599 1066 1676 populi
1080 1598 1208 1658 Romani

255 1681 416 1748 Qniritium
428 1681 550 1750 censuit,
560 1681 714 1749 consensit,
721 1681 871 1750 conscivit,
881 1690 914 1737 ut
925 1680 1036 1737 bellurn
1045 1697 1115 1737 cum
1129 1679 1207 1737 Pris-

255 1761 298 1818 cis
318 1758 432 1817 LetInis
453 1759 545 1829 fieret,
560 1758 596 1816 ob
614 1777 680 1816 eam
698 1777 761 1816 rem
781 1779 836 1837 ego
856 1758 1038 1836 populusque
1054 1757 1208 1817 Romanus

255 1839 368 1916 populis
379 1837 544 1896 Priscorum
555 1837 729 1897 Latinorum
739 1839 961 1914 hominibusque
972 1838 1081 1896 Priscis
1091 1837 1208 1897 Latinis

256 1917 365 1976 bellum
379 1917 475 1976 indico
496 1916 663 1993 facioque.''
705 1917 738 1976 ld
752 1919 803 1976 ubi
817 1918 945 1987 dixisset,
960 1918 1074 1976 hastam
1087 1918 1118 1975 in
1132 1918 1209 1977 fines

207 1997 245 2054 20
256 2017 356 2056 eorum
371 1999 528 2056 emittebat.
571 1997 637 2056 Hoc
650 2007 714 2055 tum
727 1998 810 2057 modo
825 1999 861 2056 ab
881 1996 996 2055 Latinis
1012 1998 1141 2074 repetitae
1159 2017 1209 2057 res

256 2096 291 2136 ac
306 2078 415 2134 bellum
429 2077 589 2150 indictum3
612 2096 780 2154 moremque
794 2096 863 2134 eum
877 2078 982 2153 posteri
996 2086 1186 2154 acceperunt.

296 2156 435 2215 XXXIII.
459 2158 572 2225 Ancus,
587 2157 761 2215 demandata
775 2175 849 2215 cura
866 2175 1018 2214 sacrorum
1038 2157 1209 2216 flaminibus

256 2234 511 2311 sacerdotibusque
532 2237 607 2306 aliis,
625 2238 757 2294 exercitu
778 2255 852 2294 novo
872 2237 1044 2313 conscripto,
1059 2235 1209 2312 profectus

257 2313 425 2373 Politorium
440 2315 542 2372 urbem
563 2314 736 2373 Latinorum
752 2317 781 2373 vi
796 2317 882 2392 oepit,
897 2325 1074 2391 secutusque
1095 2335 1208 2374 morem

207 2395 245 2449 25
257 2411 360 2471 regum
375 2396 512 2471 priorum,
527 2396 578 2472 qui
600 2413 662 2452 rem
680 2395 846 2452 Romanam
868 2405 1011 2452 auxerant
1025 2395 1155 2453 hostibus
1175 2396 1208 2454 in

257 2473 403 2531 civitatem
429 2474 615 2554 accipiendis,
631 2474 846 2533 multitudinem
867 2493 983 2532 omnem
1003 2474 1128 2531 Romam
1148 2485 1207 2534 tra·

256 2552 355 2611 duxit:
376 2563 413 2623 et,
429 2571 498 2611 cum
518 2553 600 2612 circa
620 2553 774 2625 Palatium,
789 2553 888 2611 sedem
908 2563 1041 2611 veterum
1062 2553 1207 2612 Romano·

256 2651 331 2703 rum,
357 2632 458 2690 Sabini
481 2631 656 2710 Capitolium
684 2643 771 2710 atque
799 2629 907 2702 arcem,
931 2632 1056 2690 Caelium
1079 2643 1209 2693 montem

256 2712 366 2769 Albani
387 2713 563 2788 implessent,
583 2713 766 2770 Aventinum
785 2729 868 2770 novae
891 2711 1070 2769 multitudini
1092 2712 1206 2771 datum.

207 2791 357 2849 30Additi
381 2791 482 2848 eodem
503 2791 581 2848 haud
605 2793 646 2848 ita
669 2792 761 2849 multo
785 2801 855 2868 post,
878 2790 1010 2850 Tellenis
1034 2791 1209 2870 Ficanaque

257 2870 357 2945 ceptis,
369 2869 437 2927 novi
451 2869 541 2926 cives.
574 2868 743 2927 Politorium
756 2870 823 2928 inda
837 2889 941 2928 rursus
954 2871 1030 2929 bello
1041 2873 1207 2948 repetitum,

256 2947 333 3023 quod
356 2966 483 3005 vacuum
505 2959 721 3025 occupaverant
743 2949 836 3007 Prisci
858 2950 975 3009 Latini:
997 2970 1092 3027 eaque
1113 2971 1208 3011 causa

257 3025 406 3084 diruendae
430 3027 510 3084 urbis
535 3027 599 3103 ejus
627 3027 683 3086 suit
710 3028 858 3100 Romanis,
879 3049 917 3086 ne
941 3031 1066 3088 hostium
1090 3049 1209 3108 semper

257 3107 476 3183 receptaculum
490 3117 575 3164 esset.
618 3107 774 3178 Postremo,
788 3111 867 3166 omni
881 3110 957 3167 bello
970 3108 1076 3169 Latino
1091 3109 1207 3168 Medul-

208 3185 327 3244 aeliam
348 3186 505 3263 compulso,
521 3184 701 3263 aliquamdiu
715 3188 755 3244 ibi
770 3187 864 3246 Marte
885 3190 1004 3259 incerto,
1020 3191 1103 3248 vorle
1116 3191 1207 3249 victo·

257 3265 311 3335 ria,
327 3276 488 3342 pugnatum
508 3275 559 3336 est,
575 3277 687 3326 namet
708 3269 778 3326 urbs
791 3278 854 3326 tuta
874 3269 1091 3339 munitionibus,
1106 3272 1206 3346 praesi·

257 3344 360 3422 dieque
382 3345 498 3403 firmata
521 3345 617 3403 valido
641 3356 713 3417 erat,
735 3357 772 3418 et,
793 3348 897 3405 castris
917 3348 947 3404 in
972 3359 1071 3425 aperto
1095 3349 1206 3424 positis,

257 3424 408 3502 aliquoties
422 3426 568 3484 exercitus
589 3424 714 3484 Latmus
727 3428 859 3485 cominus
879 3447 948 3484 cum
967 3427 1106 3486 Romanis
1120 3429 1207 3506 signa

256 3506 434 3563 contulerat:
457 3505 492 3562 ad
514 3506 658 3575 ultimum,
674 3507 807 3564 omnibus
828 3508 919 3583 copiis
940 3508 1077 3565 connisus
1100 3508 1207 3566 Ancus

209 3589 245 3640 40
258 3585 321 3640 acie
342 3586 467 3660 primum
491 3586 590 3654 viocit,
610 3585 686 3655 inde,
706 3586 816 3661 ingenti
837 3586 935 3661 praeda
955 3597 1064 3664 potens,
1081 3586 1206 3645 Romam

258 3661 338 3731 redit,
354 3675 415 3720 tum
430 3683 543 3739 quoque
558 3665 657 3723 multis
676 3664 805 3722 millibus
826 3664 998 3724 Latinorum
1013 3668 1043 3722 in
1057 3668 1206 3726 civitatem

258 3742 403 3815 acceptis3
428 3743 544 3818 quibus,
566 3753 598 3801 ut
615 3743 790 3820 jungeretur
814 3743 925 3802 Palatio
950 3747 1142 3817 Aventinum,
1168 3746 1206 3805 ad

258 3816 382 3876 Mureiae
404 3819 478 3876 datae
498 3821 591 3878 sedes.
632 3821 802 3880 Ianiculum
830 3843 945 3900 quoque
970 3825 1125 3901 adjectum,
1146 3843 1205 3884 non

252 3894 350 3973 inopia
361 3896 429 3969 loci,
445 3898 495 3956 sed
515 3917 552 3958 ne
573 3901 690 3978 quando
701 3920 739 3959 ea
759 3919 812 3960 arx
825 3903 951 3962 hostium
970 3913 1058 3962 esset.
1099 3903 1134 3964 Id
1147 3921 1205 3964 noa

1348 2236 1351 2358 l
