2717 4292
166 284 206 346 48
592 295 650 338 1111
670 297 746 339 11111

218 429 314 510 ipsum
328 427 442 487 fortuna
455 437 620 486 exactorem
634 427 768 504 supplicii
782 426 869 484 dedit.
911 426 1032 487 Stabant
1045 427 1174 508 deligati

220 508 256 566 ad
281 507 380 585 palum
401 507 571 565 nobilissimi
592 507 733 582 juvenes:
768 505 818 562 sed
842 526 861 563 0
883 507 997 577 0010110,
1026 507 1108 566 velut
1129 509 1171 567 ab

220 588 324 664 ignotis
345 587 495 663 capitibus,
511 586 638 643 consulis
661 585 745 642 liberi
761 585 891 642 omniurn
912 586 942 641 iu
956 606 987 642 se
1001 597 1171 647 averterant

221 667 329 734 000100,
354 666 564 740 miserebatque
593 683 649 720 non
677 682 771 739 poeuae
798 665 893 740 magis
920 665 1051 722 homines
1077 686 1170 741 quam

193 746 349 814 bsceleris,
371 764 429 819 quo
448 763 564 820 poenam
586 743 679 800 meriti
700 752 812 799 essent:
837 743 911 812 illos,
932 763 967 800 ec
988 745 1169 820 potissimum

223 843 297 881 anno
317 825 439 900 patriam
460 824 620 892 liberatam,
643 831 754 898 patrem
775 822 967 891 liberatorem,
983 824 1170 887 consulatum

222 913 316 960 ortum
337 922 373 960 ex
394 902 476 959 domo
500 901 597 971 iunia,
619 912 723 977 patres,
746 901 867 977 plebem,
883 900 1022 977 quidquid
1048 902 1170 960 deorum

222 982 427 1056 hominumque.
442 981 638 1040 Romanorum
653 980 964 1060 esset—induxissem
980 982 1120 1050 animum,
1137 992 1170 1040 ut

223 1063 346 1136 superbo
379 1061 523 1136 quendem
551 1061 622 1136 regi,
650 1069 713 1116 tum
741 1058 844 1116 1010010
871 1060 974 1128 exsuli,
1004 1060 1169 1135 proderent.

177 1141 214 1197 10
224 1139 364 1198 Consules
384 1141 415 1198 in
429 1139 526 1196 sedern
549 1156 714 1215 processere
734 1157 827 1207 suam,
843 1139 980 1213 missique
1002 1139 1118 1196 lictores
1132 1139 1170 1196 ad

223 1219 396 1276 sumendum
416 1218 608 1292 supplicium:
629 1217 751 1274 nudatos
764 1217 855 1293 virgis
875 1217 999 1287 caedunt,
1014 1220 1171 1294 securique

224 1296 341 1367 feriunt,
363 1315 431 1356 cum
454 1298 530 1354 inter
548 1315 633 1354 omne
653 1304 767 1373 tempus
787 1296 1065 1373 pater—vultusque
1088 1308 1172 1355 etos

224 1375 493 1452 ejus-spectaculo
502 1383 585 1445 esset,
595 1375 739 1432 eminente
751 1376 846 1431 animo
859 1375 1035 1451 patricinter
1044 1376 1172 1452 publicae

224 1473 318 1532 poenae
331 1455 534 1512 ministerium.
576 1453 745 1512 Secundum
765 1472 882 1530 poeuam
895 1455 1071 1525 nocentium,
1086 1465 1119 1512 ut
1139 1456 1173 1512 in

179 1540 377 1611 lbutramque
402 1543 512 1610 partem
536 1532 670 1591 arcendis
694 1530 854 1590 sceleribus
881 1533 1047 1610 exemplum
1074 1535 1172 1592 nobile

123 1629 131 1640 ·
225 1623 309 1683 esset,
338 1614 489 1690 praemium
517 1611 615 1681 indici,
643 1611 769 1687 pecunia
796 1629 833 1668 ex
860 1612 972 1682 aerario,
1000 1612 1118 1670 libertas
1142 1621 1173 1670 et

225 1693 336 1760 civitas,
366 1691 441 1748 data.
491 1690 545 1749 1110
573 1691 699 1766 primum
726 1689 833 1748 dicitur
859 1691 988 1749 vindicta
1018 1691 1170 1750 liberatus.

226 1771 354 1835 Quidam
369 1769 504 1826 vindictae
524 1788 639 1845 quoque
653 1787 757 1826 nomen
777 1779 903 1826 tractum
925 1769 962 1826 ab
986 1770 1036 1827 illo
1050 1780 1171 1846 putant:

226 1849 361 1906 Vindicio
381 1849 436 1924 ipsi
456 1866 560 1906 nomen
583 1847 682 1905 fuisse.
725 1847 791 1906 Post
814 1849 898 1905 illum
919 1849 1104 1906 observatum
1129 1859 1172 1920 ut,

172 1931 216 2004 20
225 1929 275 2004 qui
290 1929 329 1986 ita
343 1927 457 1985 liberati
471 1937 575 1997 essent,
591 1927 620 1984 in
635 1928 782 1984 civitatem
796 1929 908 2004 accepti
923 1927 1101 1986 viderentur.

265 2007 317 2066 VI.
334 2006 398 2076 His,
410 2008 486 2065 sicut
501 2015 565 2064 acta
580 2015 670 2074 erant,
680 2007 828 2075 nuntiatis,
837 2007 975 2064 incensus
990 2007 1173 2084 Tarquinius

224 2104 281 2145 non
295 2086 391 2143 dolore
406 2087 499 2144 solum
513 2095 601 2143 tantae
615 2085 650 2142 ad
666 2085 780 2141 irritum
794 2085 923 2142 cadentis
937 2087 1006 2162 spei,
1018 2087 1068 2144 sed
1083 2088 1172 2144 011010

225 2165 288 2223 odio
308 2166 420 2240 iraque,
443 2174 592 2241 postquam
613 2163 678 2220 dolo
692 2164 770 2220 viam
790 2163 867 2221 obsae
886 2174 946 2221 tarn
960 2165 1039 2234 vidit,
1061 2167 1172 2223 bellum

226 2253 324 2319 aperte
338 2243 513 2302 moliendum
528 2252 617 2312 ratus,
627 2243 784 2300 circumire
798 2183 920 2319 suppiex
934 2242 1064 2302 Etruriae
1074 2245 1171 2316 urbes,

179 2327 309 2380 2501010
334 2323 460 2379 maxime
485 2321 623 2379 Veientes
648 2321 943 2397 Tarquiniensesque,
966 2340 1003 2380 00
1024 2334 1173 2381 scortum

227 2401 356 2476 ejusdem
370 2401 520 2478 sanguinis
533 2411 675 2458 extorrem
690 2410 823 2476 egentem
836 2419 874 2458 ex
888 2410 966 2458 tanto
975 2402 1056 2459 modo
1072 2421 1171 2480 regno,

227 2499 295 2538 oum
310 2481 408 2538 liberis
423 2479 1170 2556 01010000011110000100001000000[10111001001001.

227 2559 310 2618 Alios
338 2578 458 2636 peregre
485 2560 516 2616 in
544 2577 667 2635 regnum
695 2557 819 2638 Romgm
844 2560 969 2616 accitos:
1012 2580 1044 2617 se
1072 2579 1173 2638 regem

227 2654 380 2716 augentem
395 2639 470 2696 bello
484 2638 649 2696 Romanum
669 2638 824 2712 imperium
839 2657 856 2694 a
878 2639 1016 2714 proximis
1029 2639 1174 2698 scelerata

179 2723 216 2776 30
227 2719 424 2794 conjuratione
443 2718 570 2793 pulsum.
612 2716 671 2774 Eos
684 2717 761 2774 inter
774 2736 815 2786 se,
830 2717 899 2791 quia
912 2736 997 2776 nemo
1012 2737 1088 2774 unus
1102 2721 1174 2777 satis

227 2797 332 2872 dignus
357 2815 445 2872 regno
465 2796 545 2852 visus
566 2795 611 2863 011,
632 2805 729 2871 partes
750 2797 834 2872 regni
858 2797 997 2872 rapuisse,
1020 2797 1093 2854 bona
1117 2818 1174 2855 sua

228 2873 388 2950 diripienda
408 2873 513 2949 populo
533 2872 654 2941 dedisse,
676 2891 713 2930 ue
733 2875 799 2950 quis
819 2894 923 2951 expers
943 2877 1064 2933 sceleris
1084 2886 1171 2934 esset.

228 2953 355 3011 Patriam
369 2972 400 3010 se
415 2970 595 3028 regnumque
604 2971 691 3008 suurn
705 2963 844 3028 repetere,
855 2964 882 3011 et
897 2955 1031 3031 persequi
1045 2955 1174 3032 ingratos

229 3033 309 3089 cives
329 3031 420 3089 velle:
443 3030 552 3088 ferrent
571 3049 663 3108 opem,
686 3031 874 3108 adjuvarent:
896 3053 966 3090 suas
986 3053 1101 3110 quoque
1124 3054 1172 3092 ve-

181 3116 305 3170 35111100
326 3111 448 3186 injurias
469 3109 563 3167 ultum
587 3111 670 3180 irent,
690 3112 773 3168 toties
794 3129 885 3168 eaesas
908 3112 1046 3188 legiones,
1069 3132 1174 3190 agrurn

230 3190 405 3267 ademptum.
447 3188 522 3248 Haec
542 3199 695 3247 moverunt
709 3188 856 3260 Veientes,
872 3209 907 3248 ac
928 3209 979 3268 pro
993 3211 1024 3248 00
1038 3193 1173 3269 quisque,

230 3269 360 3328 Romano
373 3269 474 3328 saltem
485 3269 568 3338 duce,
580 3269 753 3346 ignominias
766 3268 930 3340 demendas,
942 3270 1076 3346 belloque
1087 3273 1174 3329 amis-

229 3369 262 3408 00
283 3349 446 3427 repetenda,
472 3349 623 3406 minaciter
646 3347 782 3406 fremunt.
824 3347 1054 3425 Tarquinienses
1068 3369 1174 3408 nomen

230 3448 265 3486 00
286 3429 417 3506 cognatio
438 3437 552 3486 movet:
575 3426 731 3505 pulchrum
746 3427 897 3496 videbatur
917 3447 985 3485 suos
1006 3427 1108 3486 Romae
1130 3448 1174 3487 re·

184 3512 219 3567 10
229 3527 330 3583 gnare.
372 3507 416 3566 Ita
430 3507 486 3566 duo
500 3506 624 3564 duarum
638 3507 801 3570 eivitatium
820 3508 975 3577 exercitus,
991 3507 1028 3564 ad
1044 3517 1175 3584 repeten-

230 3587 298 3642 dum
314 3605 435 3662 regnum
449 3586 581 3660 belloque
596 3585 808 3662 persequendos
822 3585 975 3655 Romanos,
990 3587 1085 3642 secuti
1099 3587 1174 3644 Tar-

230 3664 372 3738 quinium.
415 3664 568 3740 Postquam
596 3665 626 3720 in
655 3681 759 3740 agrum
783 3663 948 3721 Romanum
972 3674 1093 3721 ventum
1121 3676 1174 3737 est,

230 3741 344 3799 obviarn
367 3741 439 3799 hosti
463 3743 598 3800 consules
617 3752 703 3798 eunt:
733 3741 872 3798 Valerius
893 3742 1034 3817 quadrato
1057 3746 1176 3820 agmine

231 3818 356 3898 peditem
369 3819 458 3890 ducit,
470 3819 579 3878 Brutus
593 3821 630 3878 ad
643 3820 852 3897 explorandum
865 3839 935 3880 cum
949 3822 1081 3898 equitatu
1095 3833 1176 3884 cute·
