2717 4292
208 248 266 309 132
625 270 683 309 τιτι
697 270 777 311 mvn

251 400 317 459 Jam
335 399 404 458 sorte
419 400 637 458 transmiserant
658 402 694 456 ad
710 400 878 457 vastandam
898 399 990 457 ltaliae
1004 419 1095 472 oram,
1109 401 1184 480 dopo

251 480 404 557 pulntoque
421 479 587 535 Viboniensi
604 498 682 556 agro,
699 481 798 535 urbem
813 481 899 535 etiam
914 481 1068 538 terrebant.
1102 482 1193 558 Repe.

251 561 320 616 tenti
336 559 466 616 Siciliam
481 559 591 615 consuli
607 559 758 614 exscensio
774 559 897 615 hostium
912 559 942 613 in
957 550 1061 634 agru'm
1076 560 1192 619 Viboni-

251 656 349 694 ensem
373 638 448 694 facta
469 638 626 706 nuntiatur,
646 638 804 712 litteraeque
829 637 865 693 ab
889 649 991 693 senatu
1014 638 1049 694 de
1071 642 1192 709 transitu

222 717 279 776 bin
293 716 404 774 ltaliam
420 716 599 784 Hannibalis,
611 727 640 773 et
656 726 686 772 ut
700 717 791 791 primo
805 735 918 791 quoque
930 727 1058 791 tempore
1073 719 1192 797 collegas

251 794 339 853 ferret
360 796 511 864 auxilium,
534 795 628 851 missae
648 795 813 851 traduntur.
855 794 957 851 Multis
979 796 1066 852 simul
1088 800 1192 856 auxius

250 877 330 931 curis
343 876 505 932 exercitum
526 873 668 949 extemplo
685 874 715 929 in
736 892 825 930 naves
845 874 1009 949 impositum
1025 875 1191 935 Ariminum

250 972 355 1029 supero
382 954 455 1011 mari
479 952 563 1021 misit,
585 952 672 1010 Sexto
698 951 851 1029 Pomponio
877 952 973 1029 legato
996 972 1064 1011 cum
1091 956 1191 1031 viginti

249 1033 377 1108 quinque
399 1032 492 1108 longis
510 1032 633 1088 navibus
654 1030 859 1088 Viboniensem
880 1049 984 1109 agrum
1005 1033 1191 1091 maritimam.

204 1111 306 1185 1⁰qua
329 1130 410 1169 oram
434 1111 525 1168 ltaliae
549 1110 686 1168 tuendam
709 1111 847 1179 attribuit,
870 1109 911 1167 M.
934 1110 1055 1168 AEmilio
1078 1115 1191 1187 praetori

248 1190 459 1265 quinquaginta
479 1190 597 1246 navium
619 1190 743 1247 classem
764 1189 901 1266 explevit.
943 1189 1008 1265 lpse
1027 1193 1191 1264 compositis

248 1267 357 1325 Siciliae
373 1270 467 1337 rebus,
483 1268 583 1325 decem
597 1269 721 1325 navibus
741 1287 821 1325 oram
843 1268 933 1326 ltaliae
954 1270 1063 1347 legens,
1080 1272 1190 1328 Arimi-

248 1364 318 1402 num
339 1349 484 1423 pervenit:
507 1347 573 1404 inde
594 1366 662 1404 cum
684 1348 814 1404 exercitu
827 1366 880 1404 suo
900 1347 1047 1424 profectus
1060 1350 1096 1405 ad
1117 1350 1195 1407 Tre-

172 1463 204 1492 ,i
248 1424 325 1481 biam
341 1428 448 1483 flumen
462 1426 583 1501 collegae
597 1426 792 1502 conjungitur.

173 1519 181 1537 ²
203 1511 239 1565 15
289 1503 354 1563 Lll.
376 1505 442 1563 Jam
458 1506 541 1562 ambo
556 1506 698 1574 consuleS,
713 1516 741 1562 et
755 1504 893 1580 quidquid
909 1505 1108 1563 Romanarum
1124 1508 1190 1584 viri·

248 1602 297 1640 um
313 1595 384 1653 erat,
401 1584 557 1641 Hannibali
572 1584 730 1659 oppositum
746 1597 795 1641 aut
806 1585 865 1641 illis
878 1586 966 1661 copiis
980 1584 1094 1642 defendi
1108 1606 1201 1662 posse

248 1662 412 1719 Romanurn
437 1664 590 1737 imperium
616 1674 665 1719 aut
686 1682 766 1738 spem
791 1663 901 1720 nullam
927 1664 1014 1720 aliam
1036 1684 1098 1722 esse
1120 1668 1190 1724 satis

247 1740 422 1797 declarabat.
465 1740 579 1798 Tamen
600 1743 702 1797 consul
724 1742 806 1811 alter,
821 1744 948 1817 equestri
965 1744 1069 1818 proelio
1091 1763 1148 1812 uno
1162 1755 1190 1802 et

247 1820 368 1876 vulnere
391 1839 444 1876 suo
464 1821 601 1890 minutus,
617 1821 692 1877 trahi
708 1839 769 1877 rem
790 1822 932 1898 malebat:
954 1824 1078 1880 recentis
1100 1824 1189 1881 animi

199 1902 237 1957 20
247 1895 320 1955 alter
334 1918 424 1973 eoque
441 1897 561 1955 ferocior
575 1899 687 1955 nullam
703 1900 867 1956 dilationem
889 1901 1060 1976 patiebatur.
1102 1902 1190 1967 Quod

246 1975 321 2034 inter
335 1976 474 2035 Trebiam
494 1978 663 2053 Padumque
686 1979 749 2054 agri
770 1989 823 2047 est,
840 1978 919 2035 Galli
932 1989 993 2036 tum
1015 1979 1188 2051 incolebant,

246 2056 275 2112 in
290 2056 412 2114 duorum
428 2059 643 2133 praepotentium
666 2057 835 2133 populorum
855 2059 1012 2116 certamine
1034 2078 1084 2136 per
1099 2062 1188 2117 ambi-

245 2154 336 2211 guum
366 2134 493 2193 favorem
518 2137 594 2193 haud
619 2136 704 2192 dubie
729 2137 852 2212 gratiam
878 2138 992 2194 victoris
1014 2138 1207 2213 spectantes.¹

245 2212 276 2269 ld
301 2212 431 2283 Romani,
455 2215 537 2272 modo
558 2234 594 2271 ne
615 2214 684 2290 quid
705 2217 853 2284 moverint,
876 2235 958 2291 aequo
978 2218 1056 2286 satis,
1078 2217 1188 2276 Poenus

197 2297 235 2351 25
246 2293 395 2367 periniquo
409 2295 505 2351 animo
527 2293 644 2363 ferebat,
661 2295 697 2350 ab
718 2294 813 2351 Gallis
833 2296 959 2352 accitum
976 2316 1008 2353 se
1023 2298 1137 2353 venisse
1152 2297 1188 2353 ad

246 2370 407 2428 liberandos
432 2392 479 2429 eos
500 2372 642 2429 dictitans.
685 2372 731 2429 Ob
751 2393 817 2429 eam
837 2374 911 2430 iram
931 2374 1018 2431 simul
1040 2386 1071 2434 ut
1091 2376 1186 2450 praeda

245 2451 366 2507 militem
381 2451 480 2521 aleret,
492 2450 548 2508 duo
563 2452 653 2509 millia
667 2452 797 2527 peditum
811 2462 839 2509 et
852 2453 932 2509 mille
946 2455 1066 2529 equites,
1082 2454 1111 2511 N
1116 2456 1187 2511 umi-

245 2529 296 2586 das
311 2530 471 2606 plerosque,
487 2532 589 2588 mixtos
603 2531 741 2606 quosdam
757 2541 786 2587 et
800 2530 910 2600 Gallos,
926 2532 1057 2610 populari
1071 2552 1187 2590 omnem

245 2608 381 2686 deinceps
396 2628 499 2687 agrum
515 2630 606 2687 usque
621 2611 656 2667 ad
671 2610 742 2667 Padi
762 2612 839 2686 ripas
854 2611 949 2686 jussit.
978 2611 1120 2690 ‚Egentes
1134 2632 1188 2689 ope

196 2690 234 2747 30
246 2688 334 2757 Galli,
350 2690 467 2746 eumad
489 2690 517 2747 id
539 2690 640 2747 dubios
654 2700 818 2747 servassent
839 2691 957 2758 animos,
973 2692 1066 2747 coacti
1081 2691 1118 2747 ab
1134 2711 1186 2748 au-

245 2769 372 2825 ctoribus
393 2768 507 2843 injuriae
522 2769 558 2825 ad
573 2769 702 2825 vindices
724 2769 833 2825 futuros
854 2768 1009 2838 declinant,
1025 2769 1187 2845 legatisque

245 2846 280 2902 ad
295 2846 443 2902 conantem
456 2848 549 2903 missis
561 2848 702 2903 auxilium
715 2847 910 2905 Romanorum
922 2858 1008 2905 terrae
1021 2848 1057 2905 ob
1068 2849 1188 2905 nimiam

244 2924 388 2980 cultorum
400 2924 485 2981 sidem
500 2926 529 2981 in
542 2925 686 2982 Romanos
701 2926 842 2984 laboranti
856 2936 949 2983 orant:
986 2926 1121 2985 Cornelio
1131 2947 1187 2985 neo

244 3020 334 3059 causa
345 3021 399 3059 nec
410 3014 523 3079 tempus
532 3003 650 3081 agendae
661 3005 703 3061 rei
712 3005 844 3081 placebat
851 3026 859 3077 ;
876 3015 1066 3082 suspectaque
1077 3006 1104 3063 ei
1115 3025 1187 3083 gens

196 3084 234 3141 35
244 3090 307 3139 erat
320 3100 389 3139 cum
402 3081 438 3139 ob
458 3082 548 3140 infida
568 3084 659 3140 multa
679 3082 818 3155 facinora,
832 3094 903 3155 tum,
919 3094 951 3141 ut
971 3085 1030 3141 alia
1045 3094 1187 3142 vetustata

244 3160 443 3231 abolevissent‚
471 3161 507 3219 ob
536 3172 683 3219 recentem
703 3163 839 3221 Boiorum
860 3164 1024 3240 perfidiam:
1054 3164 1186 3239 Sempro·

244 3240 311 3297 nius
325 3249 424 3299 contra
442 3241 621 3299 continendis
636 3242 665 3298 in
684 3242 740 3299 fide
757 3243 843 3300 sociis
861 3243 1020 3300 maximum
1035 3242 1185 3301 vinculum

244 3338 307 3377 esse
322 3320 428 3397 primos
441 3339 570 3397 quosque
590 3321 641 3397 qui
662 3322 810 3399 eguissent
823 3342 876 3398 ope
891 3321 1023 3379 defensos
1037 3321 1184 3379 censebat.

245 3399 323 3455 Tum
346 3399 458 3475 collega
480 3409 635 3458 cunctante
660 3401 818 3475 equitatum
843 3400 1038 3470 suum-mille
1058 3400 1185 3475 peditum

197 3481 233 3536 to
240 3478 451 3553 jaculatoribus
473 3478 561 3537 ferme
584 3479 725 3549 admixtis,
746 3479 781 3536 ad
803 3479 1014 3536 defendendum
1036 3479 1186 3537 Gallicum

244 3576 347 3634 agrum
363 3573 441 3615 trans
457 3558 593 3615 Trebiam
610 3558 704 3616 mittit.
746 3558 868 3633 Sparsos
882 3569 910 3637 et
924 3559 1134 3634 incompositos,
1150 3556 1186 3615 ad

157 3652 158 3655 ’
243 3635 298 3693 hoc
319 3655 423 3711 graves
443 3638 539 3712 praeda
558 3637 718 3713 plerosque,
734 3655 801 3693 cum
824 3638 982 3711 inopinatos
1003 3637 1186 3706 invasissent,

243 3715 390 3790 ingentem
411 3728 548 3773 terrorem
570 3716 736 3791 caedemque
752 3734 789 3772 ac
809 3714 910 3793 sugam
926 3716 1069 3792 usquead
1089 3724 1184 3771 castra

243 3792 435 3869 stationesque
463 3793 587 3851 hostium
622 3792 737 3867 feeere3
774 3794 850 3851 unde
878 3794 1062 3852 multitudine
1092 3792 1187 3868 effusa
