2717 4292
211 272 251 334 70
637 272 695 312 τιτι
717 234 794 312 mvn
861 308 865 315 .

262 417 395 466 creatum
415 405 446 462 in
468 403 558 462 Sucro
582 412 677 462 monto
700 401 843 480 pmditum
863 415 1015 458 memoriae
1033 408 1148 459 eat—et
1166 398 1212 462 Μ.

263 483 426 554 Duellium,
435 484 486 559 qui
500 483 678 540 tribunatum
692 482 835 557 insignem
849 490 915 538 ante
934 478 1115 538 decemviros
1128 497 1211 538 ores·

264 573 306 622 tos
327 573 466 641 gesserat,
487 581 543 620 nec
570 563 601 618 in
631 560 874 619 decemviralibus
900 559 1110 618 certaminibus
1131 561 1213 639 plebi

263 640 413 701 defuerat:
435 661 485 718 spe
505 640 618 710 deinde,
634 640 727 716 magis
740 657 831 715 quam
850 638 971 707 meritis,
986 639 1073 696 electi
1093 638 1136 696 M.
1164 640 1214 703 Ti.

235 722 361 792 btinius,
377 720 418 778 M.
434 720 615 796 Pomponius,
630 718 665 777 C.
682 719 840 795 Apronius,
854 715 887 774 P.
900 717 1019 787 villino,
1034 717 1070 776 C.
1086 716 1211 795 Oppius.

265 800 430 858 Tribunatu
451 799 529 869 inito,
544 797 658 857 Lucius
678 796 779 855 Icilius
793 796 938 872 externplo
958 796 1073 874 plebem
1088 798 1211 874 rogavit,

264 889 293 937 et
306 878 388 957 plebs
408 879 501 948 scivit,
516 896 553 934 ne
574 877 624 935 oui
639 876 735 934 fraudi
748 885 824 934 esset
837 877 963 934 secessio
984 876 1022 932 ab
1036 875 1212 934 decemviris

266 957 353 1016 facta.
382 956 539 1016 Confestim
553 957 588 1014 de
603 957 771 1014 consulibus
781 954 915 1013 creandis
929 974 997 1012 oum
1009 957 1212 1031 provocatione

265 1037 385 1095 Marcus
398 1036 534 1095 Duellius
546 1037 723 1114 rogationem
736 1034 863 1112 pertulit.
905 1033 1061 1092 anmnia
1075 1036 1105 1091 in
1141 1035 1213 1092 ratis

217 1118 254 1175 10
265 1116 418 1174 Flaminiis
431 1117 555 1174 concilio
574 1115 667 1193 plebis
681 1125 756 1185 acta,
770 1132 859 1190 quem
874 1115 955 1172 nunc
974 1115 1088 1173 circum
1129 1115 1212 1171 lami·

265 1197 346 1253 nium
361 1194 516 1272 appellant.
558 1197 564 1207 “
741 1240 743 1243 -

304 1273 371 1334 LV.
394 1275 450 1332 Per
463 1275 639 1351 interregem
652 1272 756 1332 deinde
770 1271 904 1330 consules
925 1271 1025 1342 creati,
1041 1270 1079 1330 L.
1095 1272 1213 1330 Valeri-

384 1372 427 1423 us,
443 1353 484 1410 M.
506 1353 655 1422 Horatius,
672 1353 724 1428 qui
744 1351 887 1428 externplo
907 1352 1110 1428 magistratum
1126 1371 1213 1410 occe·

286 1450 315 1490 υ.
330 1451 357 1490 c.
383 1441 503 1510 perunt:
525 1450 648 1509 quorum
667 1431 835 1490 consulatus
848 1431 996 1508 populeris
1009 1431 1072 1488 sine
1085 1430 1149 1490 ulla
1163 1451 1213 1508 pa·

219 1515 255 1572 15
287 1515 354 1569 306.
383 1522 460 1569 trum
481 1511 598 1587 injuria,
620 1529 676 1568 nec
700 1511 763 1568 sine
786 1500 943 1568 offensione
967 1509 1039 1569 fuit:
1070 1509 1214 1586 quidquid

285 1607 317 1648 Δ.
331 1609 358 1648 c.
385 1592 463 1648 enim
484 1589 609 1648 libertati
632 1589 724 1666 plebis
746 1599 909 1660 caveretur,
931 1588 964 1646 id
984 1590 1046 1648 suis
1069 1589 1213 1648 decedere

286 1673 355 1726 446.
386 1670 488 1746 opibus
509 1670 675 1727 credebant.
725 1668 865 1726 Omnium
888 1669 1108 1745 primumcum
1132 1669 1215 1727 velut

384 1748 415 1805 in
426 1757 608 1806 controverso
618 1748 686 1824 jure
700 1757 785 1818 esset,
796 1748 1001 1810 tenerenturne
1013 1758 1110 1824 patres
1123 1748 1214 1824 plebi-

266 1827 356 1897 scitis,
371 1825 467 1904 legem
488 1828 658 1885 centuriatis
672 1829 796 1887 comitiis
809 1827 912 1897 tulere,
928 1836 968 1897 ut,
984 1827 1062 1904 quod
1081 1827 1215 1885 tributim
1295 1841 1310 1860 ⁸

218 1910 256 1965 20
267 1905 365 1984 plebes
389 1906 530 1981 jussisset,
550 1906 689 1983 populum
714 1916 842 1964 teneret:
874 1925 934 1983 qua
958 1906 1024 1983 lege
1049 1907 1215 1965 tribuniciis

267 1985 461 2062 rogationibus
474 1985 565 2043 telum
580 1986 758 2044 acerrimum
776 1986 876 2043 datum
890 1994 943 2043 est.
986 1986 1088 2043 Aliam
1108 1985 1215 2044 deindo

266 2063 449 2123 consularem
476 2063 571 2143 legem
595 2066 631 2123 de
652 2065 1015 2142 provocatione—unicum
1043 2065 1214 2142 praesidium

267 2143 633 2202 libertatis-decemvirali
658 2153 797 2221 potestate
817 2162 959 2214 eversam,
979 2163 1036 2202 non
1058 2145 1214 2201 restituunt

268 2222 358 2292 modo,
373 2222 424 2280 sed
444 2223 531 2281 etiam
551 2224 581 2281 in
603 2234 748 2300 posterum
770 2223 913 2293 muniunt,
927 2223 1085 2281 sanciendo
1105 2242 1215 2280 novam

219 2301 421 2377 relegeram
435 2303 500 2377 quis
514 2302 608 2360 ullum
622 2303 824 2378 magistratum
839 2302 901 2359 sine
915 2303 1116 2378 provocatione
1131 2321 1213 2360 crea-

269 2390 329 2438 ret:
351 2381 415 2456 quis
436 2390 572 2451 creasset,
587 2400 655 2438 cum
674 2381 725 2456 jus
745 2379 847 2456 fasque
868 2392 943 2438 esset
963 2381 1066 2450 occidi,
1081 2400 1158 2439 neve
1177 2401 1215 2438 ea

268 2458 362 2517 caedes
383 2460 515 2536 capitalis
536 2479 619 2517 noxae
641 2459 807 2517 haberetur.
849 2451 890 2517 Et
913 2479 982 2518 cum
1006 2461 1121 2536 plebem
1142 2461 1215 2518 hino

268 2539 468 2616 provocatione
483 2539 551 2596 hinc
571 2539 725 2597 tribunicio
741 2539 852 2596 auxilio
865 2540 935 2597 satis
954 2539 1127 2610 firmassent,
1142 2540 1212 2616 ipsis

268 2637 381 2696 qnoque
415 2619 546 2690 tribunis,
576 2628 608 2677 ut
640 2618 817 2676 sacrosancti
844 2618 1139 2695 viderentur-cujus
1169 2620 1213 2676 rei

220 2702 258 2757 ³0
267 2717 354 2776 prope
365 2698 427 2774 jem
442 2699 578 2756 memorie
594 2697 899 2756 aboleverat-relatis
911 2693 1085 2774 quibusdam
1099 2717 1136 2755 ex
1151 2716 1212 2756 ma-

267 2795 324 2853 gno
344 2777 497 2834 intervallo
517 2777 691 2835 cerimoniis
711 2786 904 2835 renovarunt:
932 2787 1048 2834 etcum
1071 2777 1213 2855 religione

267 2855 418 2913 inviolatos
431 2874 489 2924 eos,
501 2864 564 2912 tum
578 2855 643 2931 lege
664 2855 752 2912 etiam
762 2871 764 2876 ’
773 2852 914 2927 fecerunt,
927 2855 1086 2914 ‘sanciendo
1106 2868 1146 2925 ut,
1161 2857 1212 2932 qui
1243 2905 1245 2908 ,

268 2933 391 2991 tribunis
415 2932 515 3010 plebis,
530 2933 670 3003 aedilibus,
685 2933 843 3010 judicibus,
858 2935 1032 2994 decemviris
1055 2937 1212 3007 nocuisset,

268 3012 332 3088 ejus
350 3021 438 3088 caput
460 3010 527 3070 Jovi
548 3031 666 3070 sacrum
688 3023 771 3083 esset,
786 3013 898 3073 familia
918 3015 954 3072 ad
975 3014 1067 3072 aedem
1085 3014 1213 3085 Cereris,

221 3096 258 3150 35
268 3090 377 3162 Liberi,
388 3089 561 3169 Liberaeque
572 3110 679 3150 venum
693 3093 759 3150 iret.
800 3092 868 3152 Hae
878 3093 954 3169 juris
964 3092 1031 3171 lege
1041 3095 1213 3171 interpretes

267 3180 375 3247 negant
388 3174 564 3247 quemquam
585 3181 804 3230 sacrosanctum
818 3192 891 3242 esse,
905 3172 956 3230 sed
977 3191 1055 3243 eum,
1069 3174 1121 3248 qui
1142 3173 1212 3250 quid

252 3263 368 3308 ‘eorum
383 3251 521 3327 cuiquam
542 3252 683 3322 nocuerit,
698 3251 727 3308 id
747 3271 865 3309 sacrum
879 3252 1005 3310 sanciri:
1026 3253 1132 3329 itaque.
1144 3252 1212 3310 aedi.

268 3328 325 3387 lem
350 3329 489 3407 prehendi
511 3329 636 3406 ducique
662 3349 679 3388 e
702 3331 859 3406 majoribus
887 3332 1114 3408 magistratibus,
1134 3332 1211 3407 quod

268 3410 322 3467 etsi
335 3429 391 3468 non
407 3409 474 3487 jure
489 3409 676 3480 fiat-noceri
690 3410 768 3467 enim
782 3411 819 3479 ei,
834 3410 883 3468 cui
904 3411 960 3469 hec
974 3411 1038 3487 lege
1052 3429 1110 3468 non
1124 3411 1213 3470 liceat

222 3491 404 3548 ‘io-tamen
431 3498 635 3567 argumentum
659 3509 722 3547 esse
746 3509 804 3548 non
828 3490 929 3547 haberi
952 3508 1003 3566 pro
1027 3500 1213 3548 sacrosancto

268 3568 398 3626 aedilem:
419 3569 549 3626 tribunos
563 3577 660 3626 vetere
678 3568 869 3644 jurejurando
884 3569 986 3646 plebis,
1000 3588 1070 3626 cum
1084 3569 1212 3646 primurn

267 3665 334 3705 earn
357 3656 524 3724 potestatem
551 3648 671 3717 creavit,
695 3657 895 3706 sacrosanctos
918 3668 992 3707 esse.
1034 3647 1133 3706 Fuere
1160 3649 1212 3725 qui

267 3724 533 3801 interpretarentur,
548 3725 650 3784 eadem
664 3726 721 3784 hac
734 3726 857 3784 Horatia
877 3727 943 3803 lege
957 3727 1128 3785 oonsulibus
1140 3745 1211 3804 quo·

266 3820 326 3881 que
337 3812 367 3864 et
379 3804 564 3881 praetoribus,
578 3805 648 3882 quia
667 3803 777 3864 eisdem
796 3805 935 3884 auspiciis
951 3807 1061 3884 quibus
1075 3805 1211 3866 consules
