2717 4292
450 297 537 338 crass
557 298 578 337 1.
620 297 869 350 cremum..
1114 289 1153 352 31

158 429 304 485 minorum
318 427 451 504 gentium
464 436 533 485 sunt
553 427 701 504 appellati,
713 425 801 486 factio
820 427 900 486 haud
918 425 1009 486 dubia
1021 425 1109 506 regis,
1206 461 1210 466 ι

158 507 244 583 cujus
259 505 403 564 beneficio
416 506 572 564 incuriam
583 517 733 564 venerant.
772 505 891 564 Bellum
900 507 1028 582 primum
1040 525 1111 566 cum

158 583 274 643 Latinis
286 586 387 661 gessit,
398 593 428 642 et
440 584 578 663 oppidum
590 585 631 642 ibi
642 585 783 661 Appiolas
797 585 826 642 vi
839 587 933 662 cepit:
953 585 1111 661 praedaque

158 663 226 721 inde
240 664 362 739 majore,
374 682 463 738 quam
477 673 586 738 quanta
599 663 669 721 belli
681 662 758 721 fama
772 662 878 734 fuerat,
889 675 1015 734 revecta,
1026 664 1111 722 ludos

158 741 326 819 opulentius
340 741 568 818 instructiusque
582 743 793 819 quampriores
803 761 888 820 reges
901 740 980 800 fecit.
1022 742 1140 802 Tuncd

158 821 288 900 primum
302 821 391 890 circo,
401 821 454 896 qui
467 838 546 878 nunc
561 822 707 878 maximus
719 820 836 890 dicitur,
847 821 1016 897 designatus
1028 821 1112 879 locus

159 909 218 958 est,
242 899 310 956 loca
323 897 418 962 divisa
430 899 561 976 patribus
580 899 793 976 equitibusque,
808 899 860 956 ubi
873 900 1042 976 spectacula
1055 900 1112 957 sibi

159 977 286 1054 quisque
301 975 440 1047 facerent,
455 976 510 1036 fori
530 978 685 1054 appellati:
706 989 885 1055 spectavere,
901 976 993 1035 furcis
1005 977 1111 1036 duode-

161 1074 215 1113 nos
229 1056 265 1113 ab
278 1066 357 1113 terra
370 1055 539 1132 spectacula
553 1057 613 1114 alta
622 1057 830 1116 sustinentibus
839 1055 944 1133 pedes:
963 1055 1112 1114 ludicrum

161 1133 217 1192 suit
231 1135 300 1210 equi
313 1135 487 1212 pugilesque
501 1153 538 1193 ex
552 1135 673 1193 Etruria
689 1137 817 1192 maxime
830 1136 935 1194 acciti:
956 1135 1112 1195 sollemnes
1123 1135 1158 1192 10

161 1211 265 1270 deiude
280 1213 372 1270 annui
385 1215 518 1270 mansere
532 1212 603 1284 ludi,
615 1213 741 1272 Romani
750 1215 908 1292 magnique
918 1215 1000 1271 varie
1014 1214 1110 1290 appel·

160 1289 223 1348 lati.
267 1290 318 1348 Ab
338 1291 440 1349 eodem
461 1310 530 1368 rege
544 1301 573 1350 et
587 1293 668 1350 circe
685 1291 780 1350 forum
799 1293 921 1369 privatis
940 1291 1112 1350 aedificanda

161 1369 256 1428 divisa
269 1379 338 1427 sunt
351 1369 425 1440 loca,
436 1371 564 1448 porticus
577 1370 763 1446 tabernaeque
777 1369 872 1428 factae.

202 1447 345 1506 XXXIX.
387 1449 433 1507 Eo
445 1460 573 1526 tempore
587 1450 618 1506 in
637 1450 718 1526 regia
739 1449 902 1526 prodigium
915 1450 1012 1506 risum
1024 1465 1112 1508 even-

162 1535 252 1603 tuque
274 1527 409 1585 mirabile
434 1527 505 1586 fuit:
526 1546 617 1604 puero
638 1528 799 1598 dormienti,
814 1529 865 1584 cui
886 1528 989 1585 Servio
1011 1527 1161 1586 Tulliola

162 1605 218 1663 fuit
231 1625 348 1676 nomen,
363 1617 452 1684 caput
472 1608 577 1664 arsisse
599 1606 698 1665 ferunt
716 1607 876 1664 multorum
891 1607 924 1663 in
943 1614 1110 1682 conspectu.

162 1683 293 1744 Plurima
307 1686 397 1762 igitur
410 1686 537 1743 clamore
551 1685 618 1743 inde
639 1686 676 1743 ad
695 1695 784 1744 tantae
803 1686 848 1743 rei
860 1685 1038 1743 miraculum
1051 1694 1113 1742 orto

161 1764 274 1822 excitos
298 1782 401 1841 reges:
435 1776 473 1834 et,
495 1783 564 1822 cum
587 1765 706 1840 quidam
731 1764 919 1822 familiarium
943 1783 1050 1840 aquam
1074 1762 1112 1821 ad

161 1843 404 1918 restinguendum
417 1841 516 1912 ferret,
529 1843 568 1900 'ab
582 1844 685 1921 regina
698 1853 859 1902 retentum:
879 1843 1036 1918 sedatoque
1046 1843 1110 1919 jam

160 1921 292 1978 tumultu
306 1922 417 1980 moveri
431 1923 557 1979 vetuisse
577 1941 711 1998 puerum,
722 1922 814 1981 donec
827 1941 883 1980 sua
895 1932 995 1998 sponte
1009 1941 1110 1998 exper-
1119 1925 1161 1979 20

161 2009 263 2057 rectus
277 2009 370 2058 esset:
390 2019 458 2058 mox
472 2019 541 2058 cum
560 2020 660 2062 somno
673 2011 703 2058 et
722 2002 870 2058 flammam
883 2002 989 2057 abisse.
1030 2000 1111 2058 Tum

162 2078 290 2136 abducto
313 2079 344 2135 in
367 2088 513 2137 secretum
537 2080 599 2137 viro
623 2079 771 2156 Tanaquil
795 2103 811 2111 ··
824 2079 918 2136 videu'
932 2089 965 2136 tu
986 2097 1111 2154 puerum

162 2156 266 2214 hunc''
281 2159 384 2234 inquit,
396 2163 512 2234 “quem
532 2167 592 2214 tam
612 2158 717 2216 humili
730 2160 813 2216 cultu
830 2157 1012 2215 educamus?
1034 2158 1111 2216 scire

162 2235 244 2306 licet,
259 2236 338 2293 hunc
352 2236 452 2294 lumen
472 2237 617 2313 quondam
637 2237 725 2295 rebus
744 2237 849 2294 nostris
869 2237 964 2294 dubiis
979 2235 1110 2294 futurum

163 2313 388 2391 praesidiumque
410 2315 499 2392 regiae
519 2315 650 2372 affiictae:
671 2316 793 2392 proinde
812 2317 965 2374 materiam
984 2317 1159 2393 ingentis25

163 2393 281 2468 publice
296 2393 488 2470 privatimque
502 2393 614 2452 decoris
623 2396 702 2452 omni
714 2394 896 2471 indulgentia
909 2404 1006 2452 nostra
1018 2396 1108 2451 nutri-

164 2470 284 2529 amus.''
325 2471 395 2529 Inde
409 2484 533 2548 puerum
542 2471 667 2530 liberum
680 2473 745 2531 loco
759 2484 887 2549 coeptum
901 2473 1002 2530 haberi
1014 2473 1109 2530 erudi-

164 2550 249 2626 rique
271 2550 390 2620 artibus,
406 2550 511 2626 quibus
531 2552 650 2626 ingenia
670 2551 708 2608 ad
727 2570 842 2626 magnae
862 2550 984 2609 fortunae
997 2550 1111 2607 cultum

164 2629 340 2686 excitantur.
382 2629 490 2687 Evenit
504 2628 601 2698 facile,
616 2629 693 2704 quod
706 2629 761 2685 diis
780 2628 862 2685 cordi
881 2638 973 2684 esset:
991 2628 1110 2702 juvenis

164 2709 259 2765 evasit
273 2726 341 2765 vere
356 2707 459 2766 indolis
473 2710 570 2785 regiae,
582 2726 646 2777 nec,
658 2725 728 2765 cum
741 2715 921 2783 quaereretur
933 2723 1025 2783 gener
1035 2705 1109 2762 Tar-
1120 2710 1159 2766 30

164 2787 275 2862 quinio,
296 2787 451 2863 quisquam
472 2787 613 2844 Romanae
629 2786 792 2862 juventutis
815 2786 878 2843 ulla
899 2796 961 2843 arte
984 2782 1111 2844 conferri

165 2865 266 2940 potuit,
276 2865 426 2942 filiamque
440 2866 467 2923 ei
481 2885 565 2924 suam
580 2884 632 2923 rex
645 2865 803 2942 despondit.
844 2864 913 2936 Hic,
923 2883 1110 2941 quacumque

165 2942 201 3000 de
216 2962 316 3014 causa,
332 2952 429 3002 tantus
443 2944 487 3002 illi
500 2945 588 3003 honos
601 2944 726 3014 habitus,
738 2943 857 3002 credere
870 2944 1010 3022 prohibet,
1024 2963 1110 3003 serva

164 3029 267 3079 uatum
288 3041 357 3080 eum
380 3041 562 3100 parvumque
585 3015 686 3101 ipsum'
705 3024 839 3081 servisse.
881 3023 993 3081 Eorum
1015 3023 1109 3100 magis

163 3101 316 3158 sententiae
339 3120 414 3172 sum,
435 3102 496 3177 qui,
517 3101 672 3161 Corniculo
691 3113 782 3179 capto,
804 3102 900 3160 Servii
923 3102 1157 3178 Tullii-quius

164 3179 300 3257 princeps
309 3180 340 3236 in
351 3180 405 3237 illa
415 3181 486 3237 urbe
497 3179 782 3258 fuerat—gravidam
792 3181 855 3239 viro
868 3181 964 3238 occiso
978 3199 1107 3249 uxorem,

165 3276 234 3316 oum
249 3259 324 3315 inter
334 3258 462 3336 reliquas
472 3260 601 3336 captivas
614 3261 730 3335 cognita
740 3267 823 3330 esset,
833 3260 870 3316 ob
880 3259 997 3316 unicam
1007 3259 1107 3317 nobili-

164 3349 255 3394 tatem
269 3337 305 3394 ab
320 3339 421 3413 regina
432 3336 564 3394 Romana
574 3339 746 3414 prohibitam
757 3336 854 3396 ferunt
863 3338 979 3394 servitio
992 3345 1108 3413 partum

165 3413 267 3472 Romae
281 3415 413 3486 edidisse,
428 3415 521 3473 Prisci
544 3416 699 3492 Tarquinii
720 3414 819 3472 domoz
840 3414 907 3471 inde
926 3423 1004 3470 tanto
1022 3413 1106 3469 bene-

165 3493 232 3550 ficio
247 3502 275 3551 et
285 3495 361 3551 inter
371 3494 509 3552 mulieres
523 3492 749 3552 familiaritatem
762 3501 879 3550 auctam
892 3499 921 3548 et
931 3508 1063 3567 puerum,
1075 3499 1107 3548 ut
1117 3498 1155 3552 40

164 3568 197 3628 in
211 3571 294 3630 domo
308 3592 326 3629 a
339 3591 428 3650 parvo
442 3572 588 3642 eductum,
599 3574 631 3630 in
644 3574 768 3630 caritate
779 3580 865 3647 atque
879 3569 985 3626 honore
999 3566 1106 3626 fuisse:

167 3647 310 3708 fortunam
335 3652 444 3721 matris,
465 3651 541 3728 quod
567 3660 652 3728 capta
678 3652 772 3727 patria
794 3650 826 3706 in
852 3647 976 3705 hostium
1002 3665 1108 3704 manus

168 3730 288 3799 venerit,
304 3739 335 3787 ut
349 3747 434 3786 serva
447 3739 533 3786 natus
546 3729 722 3798 crederetur,
738 3725 852 3785 fecisse.

206 3803 272 3866 XL.
294 3805 620 3884 Duodequadragesimo
640 3805 732 3864 ferme
752 3824 836 3874 anno,
851 3821 888 3862 ex
905 3821 963 3878 quo
983 3820 1106 3879 regnare
