2717 4292
212 277 268 339 102
628 284 688 325 un
709 280 784 323 mvn

255 414 322 484 rint,
337 432 446 485 vereor,
461 432 499 472 ne
520 414 756 491 perseverantius
775 412 906 471 seviant.
948 412 1072 492 AEgates
1092 414 1203 475 insulas

255 492 442 572 Erycemque
457 503 523 552 ante
544 494 644 553 oculos
658 493 814 571 proponite,
828 510 895 568 quae
908 501 989 551 terra
1007 495 1140 570 marique
1153 515 1204 574 per

253 583 390 651 quattuor
407 583 436 632 et
449 574 552 651 viginti
574 592 664 631 annos
684 574 761 649 passi
779 572 851 631 sitis.
893 570 961 629 Neo
982 591 1056 649 puer
1074 574 1123 633 hio
1144 576 1203 634 dux

253 662 325 721 erat,
340 653 390 711 sed
412 662 493 730 pater
512 653 572 729 ipse
593 652 755 723 Hamilcar,
771 650 852 708 Mars
873 651 956 722 alter,
972 661 1005 709 ut
1024 653 1072 711 isti
1091 655 1202 713 volunt.

224 730 311 790 asad
326 731 464 801 Tarento,
479 732 508 789 id
528 740 570 790 est
589 731 682 802 Italia,
697 750 755 789 non
774 731 1007 790 abstinueramus
1027 752 1064 790 ex
1082 732 1202 805 foedere,

253 812 330 870 sicut
344 829 424 870 nuno
444 812 577 889 Sagunto
596 830 654 869 non
675 811 864 869 abstinemus.
906 809 1052 869 Vicerunt
1072 832 1143 892 ergo
1163 814 1202 873 dii

253 890 451 968 hominesque,
466 901 495 949 et
508 890 547 962 id,
562 891 597 949 de
618 909 675 968 quo
691 891 788 948 verbis
808 888 1019 967 ambigebatur,
1035 902 1101 949 uter
1114 912 1202 971 popu.

253 969 300 1028 lus
315 969 410 1030 foedus
424 971 556 1048 rupisset,
572 980 694 1029 eventus
708 969 787 1039 belli,
803 968 884 1027 velut
897 988 1000 1045 aequus
1010 969 1112 1047 judex,
1125 973 1203 1030 undo.

250 1049 300 1126 jus
314 1051 416 1122 stabat,
431 1052 459 1109 ei
473 1050 623 1109 victoriam
638 1049 725 1107 dedit.
766 1048 938 1125 Carthagini
951 1067 1031 1108 nuno
1050 1050 1202 1110 Hannibal

205 1132 242 1189 10
253 1129 354 1188 vineas
374 1140 527 1207 turresque
549 1128 690 1199 admovet,
705 1128 891 1206 Carthaginis
909 1130 1019 1188 moenia
1039 1132 1133 1207 quatit
1145 1132 1201 1190 ari·

252 1218 315 1266 ete:
347 1208 472 1289 Sagunti
499 1208 726 1267 ruinae-falsus
757 1208 871 1266 utinam
894 1219 976 1266 vates
1002 1210 1203 1271 sim-nostris

251 1288 396 1366 capitibus
416 1288 553 1358 incident,
569 1297 794 1365 susceptumque
813 1305 883 1345 cum
906 1287 1076 1366 Saguntinis
1090 1291 1203 1349 bellum

252 1367 418 1427 habendum
440 1386 509 1427 cum
531 1369 672 1427 Romanis
695 1379 748 1425 est.
789 1366 938 1425 Dedemus
960 1386 1030 1444 ergo
1051 1368 1201 1428 Hanniba·
1258 1403 1264 1413 ·

251 1446 334 1506 lemt
355 1448 432 1507 dicet
446 1448 562 1525 aliquis.
604 1448 682 1519 Scio,
697 1466 794 1505 meam
807 1447 903 1504 levem
917 1466 982 1505 esse
998 1448 1029 1505 in
1049 1468 1085 1507 eo
1104 1460 1202 1509 aucto-

204 1532 241 1587 15
252 1527 366 1586 ritatem
387 1538 502 1606 propter
523 1537 658 1605 paternas
678 1526 863 1584 inimicitias:
885 1526 979 1584 sedet
999 1527 1203 1588 Hamilcarem

251 1626 286 1666 eo
307 1608 417 1685 perisse
438 1608 552 1666 laetatus
573 1626 648 1677 sum,
663 1606 749 1684 quod,
764 1606 789 1663 si
808 1606 857 1663 ille
876 1606 997 1677 viveret,
1013 1608 1123 1667 bellum
1138 1608 1202 1686 jam

251 1686 426 1745 haberemus
453 1707 523 1745 cnm
551 1687 700 1756 Romanis,
725 1697 754 1744 et
781 1686 861 1744 huno
885 1686 1026 1762 juvenem
1052 1698 1202 1765 tamquam

251 1763 359 1830 furiam
374 1764 528 1842 facemque
548 1766 637 1843 hujus
657 1766 728 1825 belli
741 1765 789 1823 odi
811 1784 846 1824 ac
864 1765 1005 1823 detestor:
1026 1785 1083 1826 uec
1096 1767 1206 1827 dedam·

250 1844 321 1902 dum
335 1845 430 1903 solum
450 1845 486 1903 ad
501 1846 652 1923 piaculum
672 1846 750 1923 rupti
765 1844 902 1918 foederis3
924 1845 985 1914 sed,
1000 1847 1025 1903 si
1046 1866 1132 1907 nemo
1151 1848 1202 1907 de·

201 1926 241 1983 20
251 1925 351 2001 poscit,
368 1924 571 1984 devehendum
593 1926 622 1983 in
649 1924 767 1983 ultimas
789 1925 879 1982 maris
900 1934 1104 2004 terrarumque
1124 1946 1201 2000 oras,

251 2004 445 2083 ablegandum
460 2025 503 2074 eo,
519 2005 596 2063 uude
610 2023 666 2063 neo
681 2004 717 2063 ad
737 2024 789 2063 nos
803 2023 908 2062 nomen
923 2003 1059 2082 famaque
1073 2007 1138 2085 ejus
1152 2027 1201 2066 ac·

250 2084 364 2155 cedere,
376 2104 471 2162 neque
485 2085 535 2143 ille
550 2085 712 2143 sollicitare·
722 2086 828 2161 quietae
841 2085 967 2143 civitatis
981 2095 1087 2143 statum
1101 2087 1200 2164 possit.

250 2163 316 2241 Ego
336 2166 377 2223 ita
399 2184 513 2235 censeo,
528 2164 638 2242 legatos
659 2164 803 2241 extemplo
823 2163 948 2222 Romam
970 2165 1132 2237 mittendos,
1149 2168 1202 2244 qui

250 2245 364 2301 senatui
392 2244 581 2315 satisfaciant,
610 2244 691 2313 alios,
719 2244 771 2321 qui
806 2243 967 2302 Hannibali
1000 2246 1143 2317 nuntient,
1165 2253 1203 2304 nt

201 2324 412 2381 mexercitum
427 2324 463 2381 ab
484 2323 614 2401 Sagunto
628 2324 764 2394 abducat,
779 2324 933 2401 ipsumque
952 2323 1149 2384 Hannibalem
1162 2346 1202 2385 ex

250 2400 360 2460 foedere
381 2402 520 2461 Romanis
544 2402 667 2461 dedant:
689 2404 804 2461 tertiam
824 2403 1000 2480 legationem
1022 2405 1059 2462 ad
1081 2423 1129 2463 res
1147 2406 1201 2465 Sa·

249 2482 379 2560 guntinis
400 2482 560 2541 reddendas
575 2482 735 2542 decemo.''
777 2481 829 2542 XI.
851 2483 926 2541 Cum
947 2483 1055 2543 Hanno
1069 2503 1199 2562 peroras-

249 2571 301 2633 set,
316 2562 425 2620 nemini
439 2564 569 2621 omnium
583 2572 697 2622 certare
714 2563 841 2621 oratione
855 2582 925 2621 oum
945 2583 979 2621 eo
999 2582 1120 2623 necesse
1135 2564 1200 2637 fuit,

250 2642 321 2700 adeo
342 2662 431 2722 prope
452 2644 545 2701 omnis
567 2653 686 2702 senatus
707 2642 882 2701 Hannibalis
904 2653 986 2716 erat3
1008 2640 1201 2721 infestiusque

201 2725 239 2780 30
250 2721 380 2780 locutum
396 2724 557 2799 arguebant
578 2722 753 2781 Hannonem
767 2740 856 2798 quam
876 2720 1020 2780 Flaccum
1034 2722 1201 2796 Valerium,

250 2800 379 2880 legatum
394 2802 569 2860 Romanum.
603 2802 785 2879 Responsum
795 2801 862 2859 inde
873 2801 978 2879 legatis
991 2802 1132 2861 Romanis
1146 2814 1199 2876 est,

249 2881 360 2937 bellum
374 2890 469 2938 ortum
484 2882 521 2938 ab
534 2881 705 2959 Saguntinis
715 2899 772 2939 non
783 2880 819 2938 ab
830 2876 996 2940 Hannibale
1010 2902 1091 2941 esse:
1111 2902 1206 2960 popu..

249 2958 312 3016 lum
327 2958 493 3016 Romanum
513 2960 620 3036 injuste
639 2959 748 3031 facere,
763 2961 788 3018 si
808 2960 984 3038 Saguntinos
997 2963 1201 3022 vetustissimae
1288 2980 1291 2984 ’

249 3037 534 3115 Carthaginiensium
548 3039 679 3098 societati
694 3049 851 3117 praeponat.
872 3046 913 3126 ‘j'

201 3121 239 3176 35
289 3116 369 3175 Dum
397 3117 522 3176 Romani
549 3128 664 3197 tempus
695 3130 792 3178 terunt
819 3120 956 3197 legatiom
977 3139 1012 3179 us
1043 3121 1198 3194 mittendis,

250 3197 408 3268 Hannibal,
423 3198 493 3275 quia
514 3197 623 3257 fessum
637 3200 760 3258 militem
773 3200 885 3277 proeliis
905 3201 1099 3277 operibusque
1112 3201 1200 3259 habe·

250 3278 307 3348 bat,
329 3296 490 3354 paucorum
515 3279 560 3337 his
582 3278 697 3338 dierum
717 3280 845 3355 quietem
867 3279 954 3349 dedit,
969 3281 1139 3339 stationibus
1162 3278 1198 3338 ad
1225 3302 1230 3313 ¹

249 3356 409 3417 custodiam
424 3358 577 3416 vinearum
593 3359 775 3435 aliorumque
789 3377 909 3435 operum
928 3358 1082 3437 dispositis.
1123 3358 1199 3419 Inte-

250 3438 305 3494 rim
327 3438 438 3495 animos
457 3457 558 3497 eorum
579 3457 659 3497 nuno
680 3440 733 3509 ira,
748 3439 779 3495 in
801 3438 896 3508 hostes
920 3438 1104 3510 stimulando,
1119 3456 1201 3499 nuno

201 3514 300 3593 40spe
315 3518 500 3593 praemiorum
522 3519 672 3577 accendit:
695 3528 727 3576 ut
749 3537 817 3575 vero
836 3536 887 3594 pro
910 3518 1049 3577 concione
1072 3519 1200 3596 praedam

250 3606 342 3673 oaptae
355 3597 436 3655 urbis
449 3596 538 3655 edixit
558 3599 683 3656 militum
698 3596 767 3666 fore,
783 3596 854 3654 adeo
869 3598 986 3655 accensi
999 3617 1102 3671 omnes
1121 3608 1199 3670 suut,

251 3685 291 3745 ut,
306 3676 331 3731 si
352 3675 496 3752 extemplo
514 3678 630 3756 signum
644 3677 745 3735 datum
765 3686 850 3745 esset,
864 3677 948 3734 nulla
967 3677 996 3734 vi
1011 3677 1107 3735 resisti
1120 3676 1200 3735 vide·

250 3764 330 3811 retur
343 3773 436 3831 posse.
478 3756 632 3834 Saguntini
654 3767 687 3814 ut
709 3776 727 3813 a
749 3754 861 3832 proeliis
883 3756 1011 3831 quietem
1025 3756 1198 3829 habuerant,

250 3848 305 3890 nec
316 3831 492 3891 lacessentes
503 3853 559 3893 nec
569 3834 698 3894 lacessiti
708 3853 761 3911 per
771 3834 881 3913 aliquot
894 3835 964 3906 dies,
976 3836 1018 3894 ita
1031 3854 1091 3895 uon
1103 3845 1199 3908 nocte,
