2717 4292
621 306 680 346 rm
701 306 776 347 mvn

246 445 414 504 paupertatem
431 440 526 502 publico
542 437 664 500 impendio
683 438 763 486 elatus
780 442 823 485 eet.
863 434 986 485 mnu
1003 433 1105 484 'lnbnnr
1121 435 1189 498 plebi

244 518 350 579 quinque
367 518 441 565 creati
453 521 516 563 sunt.
550 514 671 576 Oppidum
683 513 825 561 Volscorum
839 513 926 561 Corioli
943 517 1043 574 captum
1060 517 1096 559 est
1106 513 1197 559 virtute

245 600 270 642 et
286 609 359 657 opere
375 594 405 642 C.
417 593 513 650 Marcii,
522 592 561 654 qui
577 593 607 640 eb
617 592 664 639 hoc
676 591 816 639 Coriolanus
826 598 928 640 vocatus
939 596 982 638 est.
1015 588 1135 646 XXXVI,
1146 588 1198 638 &c-

245 670 278 719 Τί
295 670 411 729 Latinius,
420 672 457 719 vir
471 671 500 718 de
512 671 590 732 plebe,
600 684 658 716 cum
674 668 699 716 in
710 669 763 717 visu
775 669 912 716 admonitus
923 674 951 716 ut
961 668 991 714 de
1002 667 1146 729 quibusdam
1157 684 1196 716 re·

245 747 369 810 ligionibus
378 748 409 795 ad
417 752 529 795 senatum
536 747 649 809 perferret
659 751 684 793 et
693 746 844 809 neglexisset,
854 746 941 793 amisse
949 745 1006 800 lilio,
1013 745 1096 792 debilis
1105 745 1196 802 sectus,

245 829 374 886 postquem
393 824 487 872 delatus
507 823 538 871 ad
558 828 672 870 senatum
696 822 784 870 lectica
801 822 888 870 eadem
913 823 953 875 illa
972 821 1131 877 indicaverat,
1148 837 1197 870 usn

244 899 335 962 pedum
347 906 443 962 recepto
455 901 553 948 domum
571 914 679 947 reversus
694 903 737 945 est.
769 897 887 954 XXXIX,
898 897 951 945 XL
967 897 1033 945 Cum
1044 897 1073 944 C.
1085 896 1196 948 Marcius

245 975 388 1024 Coriolanus
404 977 444 1039 qui
455 977 480 1024 in
498 975 608 1024 exsilium
625 980 677 1022 erat
688 975 779 1036 pulsus,
791 975 841 1022 dux
851 973 994 1022 Volscorum
1005 975 1093 1030 iactus,
1102 973 1197 1024 exerei-

244 1053 298 1097 tum
311 1052 415 1102 hostium
433 1052 484 1100 urbi
502 1051 654 1107 admovisset,
666 1056 692 1098 et
706 1049 773 1097 missi
784 1050 815 1098 ad
833 1065 892 1098 enm
902 1051 1007 1112 primum
1017 1050 1100 1113 legati,
1110 1056 1197 1112 postea

246 1129 391 1185 sacerdotes,
399 1129 489 1178 frustra
505 1128 627 1191 deprecati
642 1133 725 1174 essent
740 1142 772 1174 ne
784 1127 874 1175 bellum
885 1127 968 1188 patrita
978 1127 1086 1183 inferret,
1094 1126 1198 1177 Veturia

246 1210 326 1252 mater
343 1210 368 1252 et
393 1204 524 1252 Volumnia
548 1218 608 1253 uxor
626 1205 817 1266 impetraverunt
836 1204 869 1251 ab
885 1219 914 1251 eo
933 1208 961 1251 ut
979 1202 1109 1261 rrcederet
1143 1203 1198 1253 Ian

245 1281 339 1344 agraria
350 1281 455 1343 primum
471 1281 521 1328 leta
530 1285 572 1328 est.
606 1279 647 1344 Sp.
659 1280 758 1328 Cassius
766 1280 898 1328 consuleris
904 1281 972 1343 regni
980 1280 1196 1329 criminedamna·

247 1362 288 1404 tus
299 1363 335 1406 eet
352 1363 510 1420 necatusque.
553 1356 641 1418 Oppia,
653 1357 721 1420 virgo
732 1356 845 1414 Vestalis,
856 1358 887 1405 ob
903 1357 1022 1405 incestum
1032 1358 1090 1406 viva
1100 1357 1198 1408 defossa

247 1440 290 1482 ast.
324 1433 389 1483 Cum
408 1435 481 1483 vicini
499 1435 578 1482 hostes
596 1433 720 1490 Veientes,
740 1433 886 1481 incommodi
904 1435 983 1497 magis
1005 1449 1080 1497 quam
1100 1450 1198 1497 graves

247 1516 336 1568 essent,
354 1511 447 1559 familia
465 1510 595 1559 Fabiorum
615 1510 639 1558 id
661 1511 752 1558 ballum
771 1509 905 1572 gerendum
924 1510 1070 1572 depoposcit,
1085 1511 1199 1574 misitque

247 1600 276 1634 eo
289 1592 409 1636 trecentos
420 1603 463 1634 sex
475 1592 589 1642 armatos,
598 1586 640 1647 qni
651 1585 684 1633 ad
698 1585 840 1633 Cremeram
852 1586 884 1634 ed
893 1601 971 1634 unum
981 1587 1013 1635 ab
1023 1587 1131 1635 hostibus
1141 1588 1200 1636 cassi

248 1668 314 1718 sunt,
328 1678 376 1711 une
388 1663 509 1723 impubere
521 1661 585 1709 demi
596 1662 688 1710 relicto.
721 1660 897 1723 Ap.01audiue
908 1663 1001 1718 consul,
1012 1678 1071 1710 cnm
1082 1663 1200 1712 adversas

248 1735 348 1784 Volscos
360 1737 514 1786 coutumacia
532 1737 651 1784 exercitus
663 1737 728 1786 male
744 1744 882 1801 pugnatum
893 1743 964 1795 esset,
977 1739 1102 1788 decimum
1111 1755 1201 1802 quem-

246 1828 294 1875 que
321 1814 425 1861 militnm
444 1814 507 1862 iuste
532 1814 656 1875 percussit.
690 1812 742 1862 Res
763 1820 881 1876 praeterea
899 1815 1028 1864 adversum
1048 1816 1156 1875 Volscos,
1173 1823 1202 1868 et

204 1931 205 1934 ,
249 1887 351 1952 AEquos,
363 1896 388 1938 et
401 1889 524 1948 Veientes,
535 1895 560 1938 et
576 1891 703 1938 seditiones
718 1890 780 1939 inter
794 1890 880 1940 Patres
892 1892 1035 1956 plebemque
1051 1895 1203 1944 continet—

248 1965 281 2030 [u.
293 1980 314 2014 e.
325 1965 447 2016 245-286.
480 1981 503 2014 s.
514 1981 538 2015 c.
549 1965 682 2028 507-466.]

283 2089 307 2150 Ι.
331 2091 439 2151 L1nnn1
457 2092 521 2168 jam
541 2092 610 2149 hinc
632 2091 731 2171 populi
749 2091 879 2150 Romani
900 2111 948 2150 res
968 2113 1041 2171 pace
1062 2094 1201 2173 belloque

368 2181 475 2248 gestas,
491 2190 602 2229 annuos
616 2173 812 2249 magistratus,
827 2172 1007 2250 imperiaque
1028 2174 1129 2252 legum
1150 2184 1212 2253 po:

243 2268 273 2309 u.
297 2269 324 2308 c.
366 2251 490 2308 tentiora
503 2270 592 2326 qnam
613 2251 772 2323 hominurn,
790 2271 939 2329 peragam.
982 2253 1059 2318 Qum
1080 2255 1202 2315 libertas

247 2333 316 2387 245.
367 2338 399 2388 ut
413 2331 599 2401 laetioresset,
609 2331 732 2406 proximi
747 2332 825 2408 regis
833 2332 969 2409 snperbia
980 2331 1107 2392 fecerat:
1128 2355 1201 2394 nam

205 2413 275 2469 be.
297 2429 324 2468 c.
366 2409 476 2486 priores
503 2410 544 2466 ita
572 2420 740 2486 regnarunt,
764 2421 797 2470 ut
824 2410 903 2468 haud
929 2413 1074 2471 immerito
1097 2435 1201 2474 omnes

246 2492 316 2548 507.
367 2489 503 2566 deinceps
514 2488 676 2547 conditores
690 2491 817 2567 partium
831 2500 910 2548 certe
924 2492 1013 2562 urbis,
1023 2513 1097 2568 quas
1106 2514 1201 2554 novas

366 2569 422 2646 ipsi
444 2571 527 2628 sedes
556 2568 592 2626 ab
616 2589 647 2626 se
673 2582 767 2629 auctae
794 2570 988 2628 multitudinis
1015 2573 1199 2647 addiderunt,

244 2660 453 2708 numerentur:
486 2669 581 2726 neque
607 2649 773 2728 ambigitur,
805 2651 876 2726 quin
901 2650 1012 2708 Brutus
1037 2652 1124 2724 idem,
1146 2656 1201 2730 qui

244 2737 357 2787 tantum
370 2729 471 2806 gloriae
480 2728 611 2804 Superbe
620 2740 723 2788 exacto
737 2749 806 2807 rege
818 2731 932 2800 meruit,
942 2732 1067 2806 pessimo
1080 2735 1200 2810 publico

193 2811 235 2871 10
245 2808 275 2866 id
290 2807 421 2866 facturus
435 2804 532 2876 suerit,
547 2808 572 2864 si
586 2808 728 2866 libertatis
741 2810 905 2868 immatura
915 2811 1053 2888 cupidine
1067 2814 1201 2889 priorum

246 2904 349 2963 regum
372 2886 462 2943 alicui
486 2904 610 2963 regnum
634 2889 809 2946 extorsisset.
859 2889 940 2956 Quid
964 2891 1042 2948 enim
1065 2891 1201 2952 lutnrnrn

246 2964 309 3036 fuit,
324 2965 349 3022 si
369 2965 422 3022 illa
436 2976 582 3040 pastorum
597 2985 853 3045 convenarumque
872 2954 1147 3051 plebs—transfuga
1160 2993 1200 3032 ex

246 3045 308 3102 suis
332 3045 539 3122 populis-sub
563 3046 655 3104 tutela
678 3047 810 3107 inviolati
834 3049 935 3126 templi
959 3060 1010 3108 ant
1033 3051 1201 3112 libertatem

247 3132 298 3181 aut
318 3134 398 3182 certe
418 3124 619 3200 impunitatem
637 3126 749 3203 adepta,
764 3129 860 3186 soluta
879 3129 961 3206 regio
981 3140 1071 3201 metu,
1093 3134 1201 3210 agitari

199 3205 236 3263 15
247 3213 344 3280 eoepta
367 3213 443 3261 esset
464 3205 628 3263 tribuniciis
649 3208 784 3282 procellis
808 3217 838 3265 et
859 3209 889 3266 in
911 3209 1009 3267 aliena
1031 3212 1104 3269 urbe
1129 3232 1200 3273 cum

247 3284 377 3360 patribus
394 3303 491 3342 serere
513 3287 683 3356 cartamine,
705 3288 876 3364 priusquam
896 3289 1018 3365 pignera
1038 3292 1200 3368 conjugum

248 3383 283 3421 ac
304 3365 461 3422 liberorum
486 3365 652 3442 caritasque
679 3366 770 3442 ipsius
792 3367 855 3438 soli,
882 3369 932 3426 oui
960 3368 1046 3446 longo
1069 3380 1200 3448 tempore

248 3444 435 3514 assuescitur,
465 3444 576 3502 animos
600 3464 702 3502 eorum
729 3447 947 3505 consociasset?
983 3448 1130 3526 dissipate
1152 3469 1200 3509 res

246 3523 374 3580 nondum
396 3523 502 3580 adultae
516 3523 657 3582 discordia
672 3524 774 3597 forent,
789 3545 863 3603 quas
877 3526 948 3585 fovit
966 3529 1126 3604 tranquilla
1140 3549 1199 3589 mo·

198 3605 236 3660 20
247 3601 356 3658 deratio
369 3603 483 3677 imperii
497 3623 589 3680 eoque
600 3605 753 3662 nutriendo
768 3606 911 3682 perduxit,
922 3617 954 3664 ut
968 3608 1072 3665 bonam
1083 3608 1199 3687 frugem

143 3757 145 3759 Ι
247 3677 388 3737 libertatis
412 3683 534 3740 maturis
556 3683 618 3758 jam
642 3684 754 3741 viribus
779 3685 855 3743 serre
880 3697 984 3762 posset.
1042 3687 1201 3748 Libertatis

247 3766 346 3815 antem
360 3759 501 3834 originem
520 3761 587 3819 inde
602 3763 705 3840 magis,
719 3764 790 3838 quia
808 3782 940 3823 annuum
961 3767 1118 3844 imperinm
1133 3788 1200 3828 con-

246 3835 345 3896 sulere
368 3835 478 3895 lactum
499 3847 551 3910 est,
572 3859 662 3916 quem
682 3841 759 3918 qued
780 3841 955 3903 diminutum
979 3846 1141 3926 quidquam
1158 3849 1200 3909 sit
1263 3919 1266 3927 ¹
