2717 4292
220 271 259 332 bt)
638 288 697 329 ϊιιι
718 288 792 330 airu

265 419 355 478 missa
367 419 422 477 sibi
436 437 500 477 esse
518 419 633 496 imperii
652 420 788 496 insignia,
803 417 1070 512 confessionemque
1091 417 1202 489 saetam

264 497 394 636 populi
383 517 471 589 quarn
492 498 620 558 consulis
640 499 821 634 majestatem
835 499 952 574 vimque
973 498 1114 574 maJorem
1133 518 1210 558 esse.

280 578 308 634 bi
328 577 458 636 audire
446 578 537 670 Jussis
557 574 659 637 consul
681 577 802 636 laudare
823 577 968 635 fortunam
988 577 1118 654 collega,
1133 577 1211 654 quod

264 657 387 714 liberata
407 657 500 733 patria
513 658 544 715 in
563 676 676 716 summo
690 658 805 726 honore,
821 675 881 749 pro·
886 656 1037 733 republica
1057 658 1211 728 dimicans,

234 739 379 800 bmatura
399 736 501 814 gloria,
523 737 648 795 necdum
668 756 701 794 se
723 746 852 794 vertente
872 737 902 792 in
924 735 1073 805 invidiam,
1088 747 1211 796 mortem

263 815 464 874 occubuisset:
486 835 518 873 se
538 817 722 894 superstitem
742 815 843 892 glorioe
856 834 918 873 suae
939 813 976 871 ad
995 819 1108 872 crimen
1122 826 1211 892 atque

263 894 403 954 invidiam
423 913 584 972 superesse,
605 911 642 952 ex
663 895 817 952 liberatore
839 894 940 970 patria)
964 892 1000 951 ad
1013 894 1157 986 Aquilios
1177 915 1211 954 se

263 973 454 1050 Vitelliosque
476 973 659 1032 recidisser‘
663 981 877 1066 ‘numquamne
897 970 989 1050 ergo''
1009 973 1104 1049 inquit
1118 974 1211 1033 “ulla

263 1052 334 1110 adeo
359 1073 377 1110 a
401 1054 482 1112 vobis
504 1063 632 1130 spectata
659 1054 753 1111 virtus
774 1053 838 1123 erit,
862 1062 893 1110 ut
917 1052 1080 1128 suspicione
1105 1053 1210 1112 violari

218 1134 252 1189 10
262 1133 410 1207 nequeatl
438 1132 503 1209 Ego
514 1151 571 1203 me,
580 1133 664 1189 illum
676 1132 853 1190 acerrimum
868 1149 971 1208 regum
982 1131 1122 1201 hostem,
1113 1151 1211 1208 ipsum

262 1211 427 1288 cupiditatis
441 1213 523 1288 regni
537 1214 649 1270 crimen
662 1211 827 1268 subiturum
845 1210 1001 1269 timerem?
1043 1211 1158 1288 Ego,si
1177 1213 1211 1271 in

262 1290 325 1366 ipsa
353 1309 421 1350 arce
450 1291 648 1368 Capitolioque
675 1290 846 1361 habitarem,
866 1290 957 1347 metui
984 1307 1031 1346 me
1058 1290 1211 1350 crederem

262 1388 344 1446 posse
359 1389 378 1428 a
390 1370 504 1428 civibus
518 1369 613 1428 meisi
654 1368 733 1427 Tam
750 1370 809 1427 levi
823 1378 968 1427 momento
980 1387 1047 1426 mea
1067 1369 1144 1446 apud
1156 1390 1211 1429 vos

263 1446 342 1507 sama
361 1449 488 1526 pendet?
530 1449 651 1507 Adeone
672 1458 717 1506 est
737 1447 857 1508 fundata
874 1449 979 1506 leviter
998 1448 1079 1518 fides,
1101 1459 1142 1518 ut,
1157 1450 1211 1508 ubi

216 1529 252 1584 15
262 1528 327 1602 sim,
341 1546 430 1605 quarn
443 1529 495 1606 qui
508 1531 572 1598 sim,
584 1528 678 1606 magis
692 1527 822 1586 reserati
863 1527 931 1586 Non
944 1527 1099 1586 obmabunt
1112 1527 1211 1588 Publii

262 1606 377 1666 Valerii
401 1607 477 1665 aedes
504 1607 629 1667 libertati
653 1617 766 1678 vestrae,
791 1606 940 1673 Quirites:
964 1615 1029 1664 tuta
1049 1608 1104 1665 erit
1127 1607 1212 1668 vobis

265 1685 367 1744 Velia:
389 1685 519 1744 deferam
533 1704 590 1744 non
604 1687 635 1743 ιιι
649 1684 770 1763 planum
783 1686 867 1745 modo
883 1686 960 1744 aedes
973 1685 1024 1746 sed
1038 1686 1106 1744 colli
1120 1689 1211 1746 etiam

262 1765 425 1841 subjiciam,
440 1775 472 1822 ut
486 1784 537 1824 vos
550 1781 639 1842 supra
653 1774 821 1841 suspectum
834 1785 882 1824 me
895 1767 991 1826 civem
1005 1765 1155 1824 habitetis:
1177 1769 1211 1826 in

262 1843 350 1905 Velia
363 1843 515 1914 edificent,
530 1845 636 1920 quibus
652 1844 766 1915 melius,
780 1864 870 1921 quam
884 1844 917 1902 P.
933 1845 1063 1916 Valerio,
1078 1846 1212 1905 creditur

213 1924 252 1980 20
262 1921 414 1982 libertas.'’
455 1922 562 1982 Delata
575 1923 726 1982 confestim
743 1924 865 1982 materia
877 1925 971 1983 omnis
988 1922 1066 1982 infra
1079 1925 1210 1997 Veliam,

262 2011 300 2073 et,
316 2003 365 2061 ubi
386 2021 465 2061 nunc
479 2002 564 2061 Vicae
584 2002 661 2061 Potae
675 2013 727 2073 est,
742 2003 846 2060 domus
864 2004 896 2060 in
910 2004 1009 2062 infimo
1022 2003 1100 2061 clivo
1119 2004 1210 2063 edifi-

262 2091 338 2140 cata.
380 2081 463 2141 VIIl.
485 2081 568 2142 Latae
578 2082 681 2140 deinde
696 2082 785 2161 leges,
797 2101 854 2140 non
868 2083 962 2141 solum
972 2101 1039 2161 quae
1048 2085 1132 2161 regni
1145 2103 1210 2142 sus·

262 2162 375 2240 picione
389 2163 538 2221 consulem
554 2162 743 2232 absolverent,
758 2161 808 2220 sed
822 2181 889 2238 quae
902 2163 974 2222 adeo
986 2164 1017 2220 in
1030 2163 1209 2222 contrarium

263 2250 464 2309 verterentur
483 2241 651 2318 popularem
672 2242 760 2298 etiam
785 2240 931 2300 facerent:
959 2241 1026 2300 inde
1047 2261 1210 2318 cognomen

214 2319 373 2378 25factum
394 2319 552 2378 Publicolae
572 2330 624 2379 est.
667 2320 747 2378 Ante
766 2339 867 2378 omnes
887 2320 923 2378 de
943 2323 1145 2398 provocatione
1159 2322 1209 2380 ad-

263 2417 366 2456 versus
388 2400 573 2476 magistratus
595 2399 632 2457 ad
653 2400 792 2476 populum
812 2401 1012 2478 sacrandoque
1036 2420 1105 2458 cum
1127 2401 1210 2460 bonis
1301 2421 1308 2431 ’

263 2479 356 2555 capite
371 2478 443 2554 ejus,
457 2479 509 2555 qui
528 2479 610 2556 regni
631 2479 793 2554 occupandi
811 2480 933 2537 consilia
948 2481 1056 2550 inisset,
1071 2489 1163 2556 gratae
1176 2480 1210 2538 in

263 2559 370 2635 vulgus
390 2559 471 2634 leges
491 2557 584 2617 fuere.
626 2556 711 2623 Quas
725 2577 793 2616 cum
813 2559 893 2617 solus
913 2559 1086 2635 pertulisset,
1101 2568 1133 2616 ut
1153 2578 1210 2619 sua

179 2689 181 2694 .
263 2638 351 2696 unius
363 2637 395 2694 in
408 2638 454 2696 his
467 2639 562 2716 gratia
582 2647 666 2708 esset,
682 2647 744 2696 tum
758 2637 861 2696 deinde
875 2639 993 2696 comitia
1006 2638 1127 2715 collega
1140 2639 1209 2697 sub-

214 2717 389 2795 abrogando
410 2717 519 2775 habuit.
561 2717 685 2776 Creatus
705 2717 756 2794 Sp.
772 2716 930 2777 Lucretius
949 2718 1061 2788 consul,
1075 2718 1127 2794 qui
1147 2735 1209 2777 ma·

262 2814 320 2874 gno
344 2806 423 2866 natu,
449 2814 505 2853 non
529 2796 772 2854 sufficientibus
760 2817 822 2873 Jam
847 2797 958 2855 viribus
982 2797 1019 2854 ad
1042 2759 1210 2857 donaularia

263 2891 386 2931 munera
405 2873 545 2942 obeunda,
560 2875 636 2932 intra
650 2893 757 2950 paucos
777 2876 839 2934 dies
857 2876 995 2934 moritur:
1019 2875 1186 2935 suffectus
1177 2895 1210 2936 ιιι

264 2950 396 3011 Lucretii
414 2952 512 3010 locum
533 2952 575 3010 M.
598 2951 738 3011 Horatius
761 2953 915 3012 Pulvillus.
958 2955 1047 3031 Apud
1068 2955 1210 3033 quosdam

264 3039 376 3090 veteres
390 3041 523 3091 auctores
536 3051 592 3090 non
613 3033 730 3091 invenio
743 3032 915 3093 Lucretium
928 3033 1095 3093 consulem:
1116 3034 1211 3094 Bruto

215 3111 360 3169 85statim
381 3110 534 3170 Horatium
555 3122 734 3188 suggerunt·
755 3112 851 3185 credo,
855 3115 936 3206 'quia
955 3113 1039 3172 nulla
1058 3124 1142 3192 gesta
1162 3133 1211 3174 res

263 3189 406 3268 insignem
421 3189 523 3249 feeerit
535 3191 728 3262 consulatum,
743 3194 882 3251 memoria
895 3193 1085 3251 intercidisse.
1127 3193 1210 3251 Non·
1212 3197 1215 3203 '

263 3269 333 3328 dum
355 3269 487 3328 dedicata
511 3279 573 3328 erat
596 3271 626 3328 in
655 3235 797 3363 Capitolio
823 3271 905 3330 Joris
927 3271 1013 3330 aedes.
1069 3272 1211 3332 Valerius

263 3349 459 3426 Horatiusque
470 3350 604 3408 consules
618 3351 718 3421 sortiti,
730 3362 795 3408 uter
808 3352 964 3410 dedicaret.
1000 3351 1122 3410 Horatio
1133 3362 1210 3411 sorte

263 3431 376 3488 evenit.
398 3429 547 3488 Publicola
558 3429 594 3488 ad
608 3429 777 3488 Veientium
790 3431 900 3489 bellum
914 3429 1068 3508 profectus.
1111 3431 1197 3507 AEgri

215 3509 308 3579 dilus,
322 3529 411 3586 quarn
431 3499 552 3586 dignum
572 3519 643 3579 erat,
664 3509 759 3568 tulere
778 3509 891 3568 Valerii
911 3511 1079 3580 necessarii,
1094 3508 1209 3568 dedica·

262 3589 368 3646 tionem
378 3599 439 3647 tarn
449 3588 553 3664 inclyti
567 3589 665 3666 templi
676 3587 798 3648 Horatio
811 3590 884 3648 dari.
926 3589 960 3648 ld
969 3589 1103 3647 omnibus
1117 3589 1210 3648 modia

263 3667 401 3743 impedire
422 3669 528 3738 conati,
546 3678 696 3746 postquam
717 3668 776 3728 alia
796 3667 904 3727 srustra
923 3677 1032 3728 tentata
1052 3677 1145 3738 erant,
1160 3687 1209 3745 po·

263 3754 336 3802 stem
351 3745 414 3821 jam
427 3749 536 3805 tenenti
555 3747 668 3805 consuli
685 3747 819 3806 foedum
809 3758 886 3805 mter
905 3749 1102 3825 precationem
1119 3747 1209 3806 deum

263 3824 398 3885 nuntium
419 3824 573 3897 incutiunt,
587 3835 733 3886 mortuum
746 3827 813 3904 ejus
831 3827 925 3887 filium
944 3845 1021 3898 esse,
1035 3825 1209 3904 mammea
