2717 4292
501 327 589 368 arana
610 329 643 370 11.
685 328 751 370 car.
766 329 799 370 n.
1101 315 1141 376 45

139 479 177 520 ex
193 458 280 537 regia
301 467 450 536 potestate,
464 476 620 518 numeres:
640 460 738 518 omnia
754 455 834 537 jura,
853 461 953 520 omnia
971 462 1100 541 insignia

138 539 228 616 primi
244 538 382 598 consules
403 547 542 596 tenuere:
564 538 594 596 id
609 539 692 598 modo
704 550 825 598 cautum
839 551 892 611 est,
906 560 954 611 ne,
968 543 994 600 si
1014 545 1100 602 ambo

141 619 239 678 fasces
254 619 404 687 haberent,
419 617 586 694 duplicatus
599 627 693 676 terror
707 619 866 678 videretur.
901 621 1013 680 Brutus
1022 623 1100 699 prior

140 699 322 758 concedente
345 698 461 774 collega
481 697 577 756 fasces
597 698 707 767 habuit,
728 700 780 774 qui
800 719 857 756 nan
878 701 973 758 acrior
993 701 1099 760 vindex

142 778 285 838 libertatis
308 776 414 847 fuerat,
428 795 517 853 quam
538 776 642 834 deinde
656 787 755 836 custos
776 777 840 836 suit.
881 779 1022 838 Omnium
1043 784 1129 857 pri-5

139 877 225 916 mum
254 857 373 916 avidum
401 875 485 914 novae
512 856 652 914 libertatis
678 857 827 933 populum,
854 877 892 916 ne
919 860 1099 935 postmodum

142 939 221 996 flecti
244 937 381 1014 precibus
395 945 446 994 aut
464 935 546 994 donis
565 935 653 1013 regiis
669 947 773 1012 posset,
787 936 979 1013 jurejurando
992 939 1099 1016 adegit,

143 1019 292 1075 neminem
317 1015 421 1074 Rome
448 1033 584 1092 passuros
612 1033 747 1092 regnare.
802 1015 927 1087 Deinde,
951 1037 1010 1093 quo
1034 1019 1100 1094 plus

143 1098 252 1154 virium
267 1097 297 1152 in
311 1104 416 1153 senatu
435 1094 599 1170 frequentia
612 1095 700 1152 etiam
714 1095 823 1153 ordinis
837 1095 956 1166 faceret,
971 1098 1100 1154 caedibus

143 1178 223 1254 regis
245 1175 423 1234 diminutum
447 1184 563 1251 patrum
583 1193 750 1244 numerum,
771 1176 945 1252 primoribus
958 1178 1100 1253 equestris
1112 1182 1149 1236 10

142 1255 255 1336 gradus
276 1255 388 1323 eleats,
410 1253 446 1312 ad
467 1264 664 1312 trecentorum
682 1273 827 1312 summam
847 1255 992 1332 explevit:
1012 1257 1099 1314 tradi-

143 1345 266 1411 tumque
281 1334 349 1392 inde
370 1333 472 1404 fertur,
488 1343 520 1392 ut
538 1335 719 1392 incenatum
731 1345 914 1404 vocarentur,
928 1336 980 1411 qui
993 1345 1100 1412 patres,

143 1415 255 1491 quiquo
270 1413 429 1490 conscripti
445 1422 558 1472 essent:
581 1413 768 1489 conscriptos,
782 1412 927 1484 videlicet,
948 1415 979 1471 in
992 1433 1101 1472 novum

143 1503 280 1552 senatum
296 1493 493 1570 appellabant
504 1492 605 1551 lectos.
647 1491 681 1550 Id
704 1492 814 1549 mirum
832 1502 974 1568 quantum
995 1492 1102 1569 profuit

144 1573 181 1630 ad
195 1573 385 1632 concordiam
399 1572 534 1642 civitatis,
552 1571 777 1650 jungendcsque
791 1571 922 1647 patribus
935 1572 1028 1648 plebia
1041 1572 1101 1629 ani-
1113 1575 1151 1631 15

145 1671 218 1710 mos.
261 1651 301 1710 ll.
325 1651 439 1718 Rerum
453 1651 558 1709 deinde
572 1651 737 1708 divinarum
758 1651 858 1708 habita
871 1668 962 1708 cura:
983 1651 1103 1727 et,qaia

144 1732 281 1808 quaedam
304 1731 424 1808 publica
437 1750 524 1789 sacra
543 1749 596 1807 per
616 1731 694 1807 ipsos
707 1749 793 1807 reges
807 1728 938 1788 factitata
957 1740 1102 1800 erantne

144 1812 248 1869 ubiubi
259 1829 365 1888 regum
375 1810 553 1869 desiderium
560 1820 645 1882 esset,
657 1828 757 1887 regem
767 1809 968 1868 sacrificulum
982 1819 1101 1868 creant:

145 1890 173 1948 id
188 1891 387 1948 sacerdotium
402 1890 530 1966 pontifici
544 1889 706 1965 subjecere,
717 1908 755 1947 ne
766 1888 880 1946 additus
890 1890 999 1946 nomini
1013 1890 1102 1946 honos

144 1970 258 2046 aliquid
281 1971 418 2039 libertati,
444 1970 531 2046 cujus
554 1979 625 2026 tunc
648 1969 742 2046 prima
763 1978 828 2026 erat
849 1987 932 2038 cura,
959 1967 1153 2025 officeret20

144 2050 195 2107 Ac
209 2050 311 2108 nescio
326 2069 373 2118 an,
395 2049 483 2107 nimis
504 2048 631 2124 undique
652 2066 719 2106 eam
732 2048 918 2122 minimisque
933 2047 1020 2104 rebus
1041 2065 1102 2103 mu-

143 2129 252 2187 niendo
267 2129 387 2186 modum
418 2129 614 2186 excesserint:
635 2126 764 2186 consulis
784 2126 863 2183 enim
884 2125 1014 2194 alterius,
1034 2143 1102 2182 cum

144 2209 219 2266 nihil
235 2208 316 2266 aliud
332 2207 492 2278 offenderit,
504 2225 610 2265 nomen
624 2207 752 2264 invisum
760 2205 871 2262 civitati
886 2203 957 2262 fuit:
979 2205 1103 2261 nimium

145 2288 327 2365 Tarquinios
355 2305 446 2364 regno
474 2305 623 2344 assuesse:
664 2286 780 2342 initium
807 2304 825 2342 a
855 2283 956 2342 Prisco
983 2282 1102 2352 sactum,

109 2412 111 2416 .
145 2387 288 2444 regnasse
310 2367 378 2424 dein
400 2366 466 2424 Ser.
490 2365 632 2436 Tullium,
653 2385 692 2422 ne
715 2363 869 2421 intervallo
888 2363 1005 2440 quidem
1028 2361 1105 2420 sacto
1113 2366 1154 2419 25

144 2447 279 2517 oblitum,
303 2456 454 2522 tamquam
479 2445 577 2515 alieni,
599 2445 684 2521 regni
707 2444 874 2520 Superbum
898 2441 1103 2517 Tarquinium,

145 2526 229 2584 velut
252 2525 444 2584 hereditatem
468 2525 572 2601 gentis,
597 2525 711 2581 scelere
722 2541 758 2579 ac
780 2522 810 2578 vi
834 2521 989 2596 repetisse:
1021 2521 1104 2596 pulso

145 2606 292 2682 Superbo,
308 2623 398 2680 penes
418 2603 596 2662 Collatinum
617 2601 773 2676 imperium
792 2617 875 2656 esse:
895 2598 1009 2654 nescire
1031 2596 1104 2652 Tar-

145 2686 263 2762 quinios
286 2685 415 2762 privatos
429 2684 546 2740 vivere:
568 2699 625 2738 non
646 2680 764 2757 placere
778 2693 892 2745 nomen,
910 2674 1105 2751 periculosum

145 2765 277 2822 libertati
305 2781 381 2822 esse.
434 2761 515 2820 Hinc
542 2761 635 2838 primo
661 2758 770 2816 sensim
797 2755 971 2814 tentantium
996 2753 1105 2810 animos
1116 2753 1156 2810 30

145 2863 244 2902 sermo
266 2861 320 2920 per
341 2852 428 2900 totam
444 2841 591 2899 civitatem
606 2848 649 2896 est
669 2837 763 2907 datus,
779 2836 991 2910 sollicitamque
1012 2833 1104 2909 suspi-

146 2924 233 2982 cione
259 2923 376 3000 plebem
401 2920 512 2978 Brutus
526 2919 563 2977 ad
587 2918 756 2977 concionem
771 2924 865 2973 vocat.
911 2913 955 2972 lbi
974 2914 1104 2970 omnium

146 3004 279 3079 primum
304 2999 513 3078 jusjurandum
541 2999 638 3076 populi
667 2998 779 3065 recitat,
807 2995 954 3052 neminem
982 3011 1105 3070 regnare

147 3100 289 3158 passuros
302 3099 359 3138 nec
374 3099 438 3137 esse
461 3078 571 3147 Rcmae,
594 3076 670 3134 unde
691 3074 855 3152 periculum
875 3073 1001 3130 libertati
1016 3071 1105 3129 l'oret:

147 3161 176 3218 id
187 3179 308 3219 summa
322 3179 375 3236 ope
386 3158 528 3216 tuendum
542 3175 605 3215 csse
619 3174 715 3232 neque
729 3155 822 3212 ullam
836 3171 907 3221 rem,
919 3169 985 3226 quae
994 3169 1030 3207 eo
1043 3168 1105 3226 per·
1116 3151 1155 3206 35

146 3240 250 3310 lineat,
257 3237 516 3298 contemnendam:
532 3237 655 3297 invitum
664 3255 696 3292 se
705 3234 802 3292 dicere
811 3231 935 3289 hominis
944 3246 1106 3296 causa,nec

147 3319 301 3378 dicturum
310 3319 450 3387 fuisse,ni
459 3317 567 3375 caritas
575 3316 617 3382 rei
627 3315 752 3392 publicae
760 3313 904 3369 vinceret:
918 3325 976 3363 non
986 3305 1106 3363 credere

148 3399 293 3475 populum
316 3397 483 3455 Romanum
497 3395 618 3453 solidam
632 3395 795 3451 libertatem
809 3393 1011 3461 recuperatam
1024 3401 1106 3438 esse:

149 3479 268 3554 regium
290 3497 395 3554 genus,
412 3475 526 3554 regium
547 3491 650 3533 nomen
672 3491 729 3531 non
750 3468 843 3526 solum
864 3466 895 3520 in
916 3462 1041 3551 civitate,
1056 3457 1107 3546 sed

150 3558 241 3614 etiam
264 3558 295 3614 in
321 3557 550 3634 imperio‘esse:
580 3553 609 3610 id
629 3551 755 3619 officere,
777 3546 805 3603 id
829 3538 1156 3632 obstarelrbertatrtld

153 3637 262 3694 “hunc
287 3635 343 3694 tu''
369 3636 463 3712 inquit
489 3641 567 3691 “tua
584 3633 740 3697 voluntate,
762 3622 969 3697 L,Tarqu1n1‚
991 3633 1107 3672 10m⁰Ve

152 3725 282 3772 metum:
319 3715 516 3784 meminimus,
546 3712 678 3780 fatemur,
714 3702 825 3782 ejecisti
851 3717 954 3777 reges:
990 3694 1107 3785 absolve

155 3793 333 3853 beneficium
347 3804 442 3865 tuum,
458 3791 543 3852 aufer
556 3792 625 3850 hinc
640 3789 755 3865 regium
768 3798 891 3840 nomen:
912 3795 964 3870 'res
975 3785 1042 3868 tuas
1056 3773 1108 3830 tibi

155 3891 213 3932 non
227 3873 324 3933 solum
338 3873 460 3933 reddent
473 3872 552 3932 cives
565 3871 618 3940 tui,
628 3876 746 3926 auctore
757 3881 813 3932 me,
823 3861 884 3928 sed,
896 3875 920 3914 si
933 3853 1003 3931 qiud
1016 3852 1105 3920 deest,
