2717 4292
192 307 253 369 174
614 315 674 358 rrrr
693 315 768 358 mvn

234 445 340 526 Itaque
360 447 472 506 misisse
486 447 567 505 mille
589 447 805 526 sagittariorum
826 468 862 506 ac
883 448 1072 522 funditorum,
1088 462 1189 531 aptam

238 545 354 586 manum
378 529 517 586 adversus
538 527 677 585 Baleares
691 547 727 585 ac
750 527 869 585 Mauros
890 548 1098 608 pugnacesque
1113 532 1188 592 alias

237 608 341 665 missili
362 608 419 665 telo
432 618 543 684 gentes.
586 607 635 664 Ad
650 627 686 664 ea
706 606 781 664 dona
795 609 948 666 consilium
970 629 1085 686 quoque
1100 611 1187 669 adde·

237 687 315 756 bant,
331 697 362 744 ut
376 699 488 763 praetor,
504 688 552 744 cui
566 687 716 762 provincia
730 687 832 745 Sicilia
847 690 998 758 evenisset,
1014 691 1139 747 classem
1154 693 1187 748 iu

208 771 226 827 5
239 765 373 824 Africam
386 767 542 842 trajiceret,
557 775 589 822 ut
603 776 632 824 et
646 766 740 823 hostes
755 768 877 824 interra
898 787 952 824 sua
973 769 1082 825 bollum
1098 770 1184 828 habe·

237 855 311 915 rent,
323 847 477 923 minusque
491 846 648 903 laxamenti
662 846 781 902 daretur
792 847 838 903 his
849 846 884 904 ad
899 848 1009 904 auxilia
1024 847 1187 907 Hannibali

236 907 440 983 submittenda.
483 926 532 983 Ab
552 934 654 982 senatu
672 926 713 982 ita
734 943 904 1002 responsum
925 928 988 1003 regi
1002 937 1064 998 est;
1088 931 1186 986 virum

238 1004 345 1062 bonum
366 1005 575 1084 egregiumque
599 1005 712 1061 socium
735 1003 893 1063 Hieronem
922 1026 994 1077 esse,
1017 1016 1104 1084 atque
1127 1027 1187 1066 uno

236 1091 345 1152 tencre,
359 1103 396 1142 ex
410 1103 467 1161 quo
481 1085 511 1141 in
533 1084 691 1140 amicitiam
705 1085 804 1161 populi
820 1084 944 1142 Romani
958 1088 1080 1156 venerit,
1097 1085 1186 1145 fidem

191 1168 226 1225 10
236 1163 360 1221 coluisse
375 1183 410 1222 ac
424 1180 486 1220 rem
501 1163 664 1220 Romanam
678 1165 897 1242 omnitempore
913 1184 948 1223 ac
966 1165 1030 1223 loco
1044 1167 1186 1224 munifice

235 1240 400 1316 adjuvisse:
421 1241 460 1313 id,
476 1241 594 1321 perinde
609 1261 644 1299 ac
659 1241 785 1313 deberet,
801 1254 917 1321 gratum
932 1245 1037 1322 populo
1052 1245 1187 1304 Romano

234 1339 308 1379 esse.
351 1322 470 1380 Aurum
485 1332 514 1380 et
528 1342 546 1379 a
560 1322 727 1379 civitatibus
747 1323 921 1398 quibusdam
943 1324 1074 1395 allatum,
1089 1326 1187 1402 gratia

235 1400 279 1458 rei
292 1411 421 1477 accepta,
433 1419 490 1459 non
505 1401 652 1477 accepisse
666 1402 805 1478 populum
816 1401 998 1461 Romanurn:
1021 1403 1186 1463 Victoriam

234 1498 377 1557 omenque
393 1482 536 1558 accipere,
550 1480 707 1556 sedemque
722 1481 749 1537 ei
763 1501 793 1538 se
808 1481 883 1539 divae
901 1482 970 1540 dare
985 1481 1084 1541 dicare
1099 1483 1185 1560 Capi-

187 1559 346 1630 15tolium,
362 1562 504 1638 templum
526 1559 606 1618 Jovis
624 1561 724 1636 optimi
745 1561 882 1617 maxImi:
904 1562 934 1618 in
955 1581 991 1619 ea
1012 1580 1081 1620 aroc
1103 1563 1187 1621 urbis

234 1638 376 1698 Romanae
402 1650 556 1709 sacratam,
582 1639 727 1696 volentem
755 1641 974 1716 propitiamque‚
1004 1641 1119 1699 firmam
1148 1661 1187 1700 ac

234 1719 367 1775 stabilem
382 1718 442 1778 iore
457 1720 562 1798 populo
577 1717 717 1775 Romano.
754 1718 928 1777 Funditores
941 1721 1141 1798 sagittariique
1156 1731 1188 1779 et

234 1794 412 1856 frumentum
423 1800 560 1858 traditum
575 1797 759 1856 consulibus:
779 1800 1005 1874 quinqueremes
1016 1799 1051 1856 ad
1062 1800 1187 1858 navium

234 1875 368 1948 classem,
385 1897 450 1955 quae
463 1897 533 1936 cum
547 1877 585 1935 T.
602 1875 728 1935 Otacilio
742 1890 914 1954 propraetore
929 1880 959 1935 in
974 1879 1076 1936 Sicilia
1090 1889 1186 1950 eraut,

184 1961 224 2017 20
233 1955 362 2033 quinque
383 1967 412 2016 et
432 1957 535 2035 viginti
556 1956 669 2026 additae,
692 1957 924 2033 permissumque
943 1967 995 2028 est,
1011 1968 1051 2030 ut,
1067 1960 1092 2016 si
1113 1978 1130 2016 e
1151 1977 1187 2016 re

234 2036 352 2114 publica
367 2047 500 2096 censeret
513 2056 586 2107 esse,
601 2037 632 2093 in
646 2034 781 2094 Africam
796 2037 974 2113 trajicerent.
1227 2049 1228 2053 ’

275 2114 445 2174 XXXVIII.
471 2115 589 2173 Dilectu
618 2115 755 2192 perfecte,
781 2116 916 2174 consules
943 2134 1052 2194 paucos
1079 2118 1187 2176 morati

234 2193 303 2262 dies,
319 2193 388 2251 dum
403 2197 473 2253 socii
488 2196 525 2252 ab
544 2197 659 2253 nomine
682 2195 786 2253 Latino
800 2197 943 2254 venirent.
986 2193 1096 2254 Milites
1110 2207 1185 2268 turn,

234 2273 309 2346 quod
329 2291 478 2348 nunquam
494 2283 578 2331 antea
594 2274 703 2332 factum
717 2284 789 2345 erat,
801 2273 992 2352 jurejurando
1007 2277 1044 2332 ab
1058 2277 1186 2334 tribunis

183 2352 358 2411 aemilium
370 2352 473 2423 adacti,
486 2353 571 2428 jussu
585 2354 739 2411 consulum
754 2364 945 2412 conventuros
960 2372 1054 2431 neque
1069 2356 1187 2432 injussu

234 2431 370 2488 abituros.
413 2431 493 2489 Nam
515 2432 551 2490 ad
574 2452 639 2490 earn
657 2433 735 2490 diem
755 2433 827 2490 nihil
849 2444 954 2512 praeter
967 2445 1187 2494 sacramentum

235 2507 339 2580 fuerat,
350 2521 386 2582 et,
397 2512 446 2569 ubi
456 2512 492 2569 ad
507 2513 690 2570 decuriatum
706 2524 756 2570 aut
767 2515 961 2571 centuriatum
971 2515 1185 2585 convenissent,

234 2609 288 2648 sua
303 2592 450 2649 voluntate
464 2593 520 2669 ipsi
537 2593 613 2649 inter
632 2611 697 2650 sese
722 2592 863 2650 decuriati
885 2594 1005 2669 equites,
1027 2594 1187 2652 centuriati

234 2669 344 2747 pedites
365 2672 565 2748 conjurabant,
581 2692 645 2730 sese
665 2671 743 2758 fpgae
763 2681 848 2747 atque
868 2670 1027 2729 formidinis
1042 2691 1112 2750 ergo
1126 2691 1185 2732 non

185 2749 371 2821 sortituros,
387 2770 483 2828 neque
497 2771 533 2810 ex
548 2751 647 2809 ordine
660 2768 834 2820 recessuros
850 2751 905 2808 nisi
919 2751 970 2808 teli
985 2737 1119 2810 sumendi
1134 2759 1189 2810 aut

234 2829 349 2904 petendi
360 2840 389 2887 et
403 2840 453 2888 aut
468 2831 556 2888 hostis
570 2830 692 2888 feriendi
707 2840 757 2889 aut
771 2831 843 2888 civis
857 2830 992 2888 servandi
1006 2849 1107 2888 causa.
1151 2831 1186 2892 Id

234 2924 271 2962 ex
285 2907 448 2966 voluntario
469 2911 545 2967 inter
558 2911 634 2987 ipsos
649 2909 758 2968 foedere
774 2909 810 2966 ad
826 2910 957 2968 tribunos
971 2909 1007 2968 ad
1022 2911 1186 2989 legitimam

230 2983 306 3060 juris
318 2985 436 3061 jurandi
451 2987 631 3046 adactionem
644 2989 828 3047 translatum.

273 3063 443 3136 conciones,
458 3068 628 3144 priusquam
652 3069 689 3125 ab
704 3070 776 3127 urbe
795 3071 879 3146 signa
899 3079 1094 3140 moverentur,
1116 3089 1185 3130 con-

185 3151 223 3208 35
233 3143 306 3202 sulis
315 3144 457 3203 Varronis
471 3147 570 3204 multae
581 3167 616 3205 ac
632 3146 742 3206 feroces
757 3148 848 3219 suere,
859 3149 1062 3219 denuntiantis,
1072 3150 1187 3208 bellum

234 3225 407 3283 arcessitum
422 3227 452 3282 in
467 3225 581 3285 ltaliam
596 3227 632 3284 ab
646 3227 791 3285 nobilibus
806 3247 1034 3304 mansurumque
1049 3230 1079 3285 in
1091 3230 1187 3288 visce-

234 3305 316 3364 ribus
336 3305 514 3383 reipublicae‚
536 3308 560 3364 si
585 3307 683 3383 plures
706 3306 811 3365 Fabios
832 3308 1020 3386 imperatores
1044 3309 1186 3368 haberet:

234 3403 275 3455 se,
297 3385 422 3462 quodie
443 3387 554 3444 hostem
569 3387 694 3457 vidisset,
718 3386 927 3464 perfecturum.
969 3387 1099 3465 Collegae
1119 3390 1192 3465 ejus

234 3463 319 3522 Pauli
344 3484 412 3536 una,
434 3467 527 3542 pridie
551 3485 640 3542 quam
664 3485 701 3524 ex
724 3467 794 3523 urbe
816 3467 1059 3543 proficisceretur,
1082 3469 1188 3527 concio

184 3547 223 3602 40
235 3541 297 3614 suit,
313 3547 409 3602 verior
422 3565 510 3621 quam
523 3547 633 3624 gratior
654 3545 767 3622 popule,
782 3564 841 3621 qua
855 3547 927 3603 nihil
948 3547 1141 3604 inclementer
1155 3549 1186 3605 ln

235 3621 398 3682 Varronem
419 3625 538 3696 dictum,
560 3627 616 3682 nisi
639 3626 667 3682 id
691 3625 792 3702 modo;
820 3626 920 3682 mirari
941 3645 982 3694 se,
998 3625 1112 3702 quodne
1134 3625 1188 3704 qui

234 3700 302 3772 dux,
318 3705 488 3779 priusquam
503 3715 553 3762 aut
567 3724 654 3762 suum
669 3714 719 3761 aut
733 3705 856 3760 hostium
866 3705 1037 3774 exercitum,
1053 3705 1187 3764 locorum

233 3779 331 3850 situm,
351 3791 488 3838 naturam
503 3783 629 3860 regionis
642 3791 746 3852 nosset,
765 3783 827 3858 jam
841 3801 923 3842 nunc
937 3793 965 3840 to
987 3794 1052 3842 atus
1066 3785 1097 3841 ln
1112 3785 1187 3844 urbe

233 3855 331 3926 sciret,
355 3860 498 3934 quaesibi
523 3859 637 3937 agenda
660 3871 771 3920 armato
794 3861 896 3934 forent,
914 3871 943 3922 et
988 3863 1044 3920 'em
1066 3881 1186 3944 quoque
