2717 4292
192 269 231 330 56
608 279 666 320 τιτι
687 278 761 319 nrvu

241 411 327 488 longe
347 411 373 468 is
393 420 455 469 tum
476 411 611 487 princeps
631 408 733 467 Volsci
757 409 881 468 nominis
902 418 966 466 erat
987 408 1188 486 Romanisque

241 507 355 566 semper
374 489 513 546 inibstus:
535 490 584 558 ita,
599 507 667 546 cum
689 489 814 546 alterum
834 498 917 545 vetus
937 488 1045 558 odium,
1061 489 1186 547 alterurn

241 571 286 626 ira
300 588 401 626 recens
416 569 586 636 stimularet,
602 568 723 624 consilia
736 567 888 624 conferunt
902 567 937 624 de
952 567 1084 625 Romano
1099 569 1185 626 bello.

241 647 329 706 Haud
345 647 431 705 facile
445 647 600 705 credebant
614 646 728 721 plebem
741 665 825 704 suam
836 646 946 722 impelli
957 666 1049 723 posse,
1061 658 1093 704 ut
1103 649 1187 705 toties

212 732 231 787 5
241 726 396 784 infeliciter
406 736 515 784 tentata
526 744 607 782 arma
621 735 775 800 caperent:
797 726 896 782 multis
909 744 986 802 saepe
997 726 1089 796 bellis,
1099 729 1186 802 pesti-

241 806 329 863 lentia
338 816 479 883 postremo
491 806 596 862 amissa
607 802 885 880 juventutessfractos
895 805 1013 880 spiritus
1027 825 1103 862 esse:
1122 817 1187 863 arte

241 885 384 961 agendum
396 886 426 942 in
437 884 547 942 exoleto
557 884 619 959 jam
630 893 770 940 vetustate
784 883 856 953 odio,
870 894 900 940 ut
911 884 1020 940 recenti
1031 885 1130 960 aliqua
1140 886 1186 944 lra

240 965 483 1021 exacerbarentur
498 963 597 1020 animi.
626 1029 629 1034 Ι
649 961 789 1020 XXXVI.
812 960 891 1020 Ludi
905 960 977 1020 forte
991 981 1027 1019 ex
1041 965 1185 1022 instaura-

239 1043 316 1100 tione
336 1044 434 1119 magni
455 1042 556 1100 Romae
581 1041 767 1118 parabantur.
808 1040 991 1099 instaurandi
1011 1041 1075 1100 haec
1093 1062 1186 1102 causa

193 1129 229 1184 10
241 1120 351 1178 fuerat:
372 1121 448 1179 ludis
462 1140 546 1178 mane
565 1139 683 1178 servum
701 1120 819 1196 quidam
833 1118 1042 1197 paterfamiliae,
1056 1121 1186 1180 nondum

239 1201 391 1258 commisso
401 1200 576 1276 spectaculo,
587 1199 641 1256 sub
656 1196 741 1256 furca
754 1217 864 1256 caesum
874 1198 967 1256 medio
980 1210 1080 1276 egerat
1092 1202 1184 1259 circo.

238 1278 334 1354 Coepti
348 1279 415 1336 inde
435 1279 505 1348 ludi,
521 1279 601 1335 velut
615 1297 650 1336 ea
664 1297 711 1334 res
731 1278 802 1334 nihil
818 1277 855 1334 ad
874 1278 1043 1355 religionem
1057 1281 1184 1354 pertinn.

239 1358 318 1415 isset.
360 1357 447 1415 Haud
463 1359 503 1428 ita
517 1357 607 1414 multo
621 1365 692 1432 post,
704 1356 771 1414 Tito
783 1355 906 1426 Latinio,
918 1356 954 1414 de
968 1358 1051 1433 plebe
1065 1359 1184 1430 bomini,

240 1437 383 1495 somnium
399 1436 462 1494 fuit.
505 1437 595 1494 Visus
609 1435 743 1512 Juppiter
757 1436 864 1504 dicere,
875 1437 930 1492 sibi
943 1437 1021 1494 ludis
1035 1438 1184 1512 praesulta-

192 1525 229 1580 15
240 1525 330 1574 torem
354 1516 552 1592 displicuisse:
583 1516 638 1573 nisi
663 1515 818 1592 magnifice
841 1515 1039 1574 instaurentur
1066 1516 1087 1572 ii
1111 1517 1184 1588 ludi,

239 1596 403 1672 periculum
417 1597 479 1652 urbi
496 1594 570 1653 sore:
590 1595 653 1664 iret,
665 1614 701 1650 ea
715 1594 883 1652 consulibus
895 1596 1049 1654 nuntiaret.
1072 1594 1184 1662 Quam.

239 1694 326 1750 quam
348 1674 425 1732 haud
446 1693 515 1732 sane
536 1674 610 1730 liber
626 1683 687 1734 erat
708 1674 847 1749 religione
868 1674 991 1742 animus,
1006 1675 1185 1733 verecundia

238 1764 336 1810 tamen
357 1753 515 1828 majestatis
536 1753 757 1829 magistratuum
778 1753 909 1810 timorem
930 1753 1009 1823 vicit,
1023 1771 1061 1810 ne
1081 1754 1112 1810 in
1132 1773 1186 1812 ora

239 1830 388 1888 bominum
413 1850 463 1908 pro
487 1831 611 1888 ludibrio
633 1831 734 1888 abiret.
776 1830 885 1908 Magno
908 1831 952 1888 illi
979 1851 1015 1889 ea
1038 1835 1187 1892 cunctatio

191 1920 229 1974 20
239 1911 324 1980 stetit,
349 1910 443 1968 filium
467 1929 593 1987 namque
618 1911 694 1967 intra
714 1929 822 1986 paucos
845 1910 906 1968 dies
930 1911 1036 1968 amisit.
1090 1911 1186 1987 Cujus

239 1991 397 2065 repentinae
417 1990 508 2048 cladis
522 2009 558 2049 ne
573 2009 663 2048 causa
677 1989 766 2046 dubia
785 2000 870 2059 esset,
885 2007 964 2066 aegrc
977 1991 1067 2048 animi
1081 1990 1186 2048 eadem

239 2069 292 2126 illa
312 2070 342 2128 in
364 2071 471 2128 somnis
494 2070 644 2127 obversata
666 2069 778 2144 species
797 2070 859 2126 visa
880 2079 923 2126 est
944 2071 1076 2147 rogitare,
1096 2070 1184 2128 satin'

239 2167 375 2224 magnam
397 2149 485 2225 spreti
506 2148 633 2206 numinis
650 2149 769 2206 haberet
783 2148 965 2206 mercedem:
987 2149 1125 2224 majorem
1141 2151 1183 2206 in-

239 2237 325 2296 stare,
341 2229 371 2285 ni
385 2239 432 2286 eat
446 2247 564 2305 propere
580 2246 615 2286 ac
629 2229 742 2286 nuntiet
755 2228 930 2285 consulibus.
974 2226 1040 2284 Iam
1059 2247 1184 2304 praesen·

191 2306 295 2370 25ti0r
309 2325 356 2364 res
376 2318 448 2366 erat.
488 2307 682 2366 Cunctantem
703 2317 798 2363 tamen
813 2326 849 2364 ao
870 2307 1058 2383 prolatantem
1079 2309 1185 2384 ingens

240 2385 284 2442 vis
305 2388 395 2444 morbi
417 2388 515 2445 adorta
536 2397 578 2445 est
601 2387 747 2444 debilitate
766 2387 872 2455 subita.
914 2385 1001 2443 Tunc
1022 2388 1184 2446 enimvero

239 2464 360 2522 deorum
379 2467 423 2522 ira
437 2466 593 2524 admonuit.
637 2466 746 2524 Fessus
766 2465 856 2542 igitur
870 2466 955 2522 malis
975 2467 1125 2541 praeteritis
1140 2468 1182 2524 in·

239 2545 446 2621 stantibusque,
472 2546 590 2602 consilio
617 2546 841 2622 propinquorum
869 2544 1002 2613 adhibito,
1026 2564 1095 2603 cum
1119 2547 1184 2603 visa

239 2633 326 2698 atque
349 2624 455 2692 audita,
477 2633 506 2682 et
529 2623 712 2682 obversatum
733 2625 816 2681 toties
839 2641 938 2680 somno
961 2622 1072 2692 Iovem,
1087 2625 1184 2682 minas

190 2711 229 2768 30
238 2702 356 2778 irasque
376 2703 507 2760 caelestes
527 2713 746 2779 repraesentatas
770 2703 887 2760 casibus
910 2703 972 2760 suis
993 2705 1182 2779 exposuisset,

239 2800 382 2840 consensu
395 2781 462 2838 iude
482 2781 560 2839 haud
581 2781 667 2838 dubie
680 2783 819 2850 omnium,
833 2782 885 2857 qui
899 2781 1026 2851 aderant,
1041 2784 1072 2839 in
1086 2781 1182 2840 forum

240 2861 277 2918 ad
287 2859 422 2918 consules
435 2860 540 2917 lectica
551 2859 689 2917 defertur.
731 2859 801 2918 Inde
812 2861 842 2916 in
856 2861 970 2918 curiam
979 2860 1065 2935 jussu
1078 2880 1170 2920 consu

239 2939 302 2996 lum
326 2938 448 3008 delatus,
469 2938 570 2996 eadem
594 2938 646 2995 illa
670 2957 738 2996 cum
766 2939 895 3015 patribus
919 2940 1028 3016 ingenti
1052 2941 1183 2999 omnium

240 3017 427 3076 admiratione
441 3026 612 3086 enarrasset,
623 3035 694 3074 ecce
708 3017 787 3074 uliud
801 3019 994 3076 miraculum:
1014 3020 1065 3095 qui
1079 3030 1184 3095 captus

191 3097 373 3162 abomnibus
393 3097 528 3154 membris
548 3097 661 3156 delatus
674 3097 706 3152 in
725 3098 840 3156 curiam
860 3107 944 3167 esset,
957 3116 1027 3154 eum
1049 3097 1184 3157 functum

239 3175 334 3234 officio
347 3175 467 3252 pedibus
480 3176 541 3234 suis
555 3175 672 3234 domum
686 3175 803 3246 redisse,
815 3175 953 3234 traditum
966 3177 1113 3234 memorie
1126 3188 1181 3235 est.

240 3254 396 3314 XXXVII.
418 3253 495 3313 Ludi
515 3274 604 3330 quam
625 3256 793 3331 amplissImi
816 3265 847 3313 ut
868 3255 980 3324 fierent,
995 3268 1114 3314 senatus
1133 3255 1182 3314 de·
1283 3298 1287 3302 Α

239 3335 342 3393 crevit.
385 3333 433 3392 Ad
457 3353 506 3392 eos
527 3333 618 3402 ludos,
640 3346 757 3394 auctore
780 3335 859 3392 Attio
880 3334 989 3403 Tullio,
1011 3336 1055 3391 vis
1075 3354 1184 3410 magna

239 3415 414 3473 Volscorum
432 3431 519 3470 vemt.
562 3413 735 3488 Priusquam
756 3415 1003 3472 committerentur
1022 3413 1094 3482 ludi,
1109 3411 1183 3471 Tul·

192 3502 229 3557 40
239 3495 370 3552 lius—ut
380 3492 455 3549 domi
466 3493 652 3568 compositum
664 3512 732 3549 cum
744 3493 855 3551 Marcio
867 3492 1038 3551 suerat-ad
1049 3493 1184 3550 consules

240 3575 328 3642 venit,
343 3573 412 3630 dicit
434 3590 506 3639 esse,
528 3590 593 3646 quae
617 3582 728 3628 secreto
752 3591 839 3648 agere
864 3572 900 3631 de
926 3571 1076 3649 republica
1093 3571 1182 3640 uelit.

246 3652 369 3710 Arbitris
391 3651 505 3708 remotis
527 3647 682 3706 “invitus”
703 3651 804 3725 inquit,
823 3652 1065 3728 “quodsequius
1086 3651 1132 3719 sit,
1147 3650 1198 3716 de.

139 3735 141 3742 ⁴
240 3730 313 3787 meis
327 3729 440 3785 civibus
453 3727 565 3802 loquor.
607 3728 636 3786 N
638 3748 674 3786 on
688 3739 785 3786 tamen
802 3728 960 3786 admissum
973 3731 1131 3806 quidquam
1147 3729 1184 3788 ab

240 3809 286 3868 his
305 3805 590 3865 criminatumvenio
609 3806 659 3864 sed
679 3819 809 3877 cautum,
823 3826 860 3884 ne
881 3807 1041 3868 admittant.
1082 3809 1185 3868 Nimio
