2717 4292
188 301 228 360 42
618 307 672 350 nrr
694 307 768 348 mvn

238 441 296 512 bnt,
310 439 568 512 invocantibusque
582 448 735 515 parentum
749 435 841 496 furias
854 434 925 496 viris
939 435 1182 516 mulieribusque.

238 520 305 580 LX.
328 520 443 578 Harum
458 537 554 577 rerum
565 518 674 575 nuntiis
688 518 718 575 in
732 527 828 575 eastra
841 516 969 594 perlatis,
981 535 1049 574 eum
1060 536 1092 575 re
1106 536 1184 576 nova

238 600 366 676 trepidus
391 617 443 656 rex
466 606 600 675 pergeret
624 596 748 654 Rumam
772 596 809 654 ad
827 595 1056 672 comprimendos
1077 606 1183 668 motus,

238 680 318 736 flexit
332 679 410 736 viam
430 677 710 736 Brutus—senserat
727 676 805 732 enim
826 674 1057 732 adventum-ne
1078 675 1183 735 obvius

209 759 329 828 bfieret‚
345 757 502 833 eodemque
524 753 583 812 fere
602 763 738 830 tempore,
753 748 875 811 diversis
894 753 1055 822 itineribus,
1070 752 1184 813 Brutus

239 837 378 906 Ardeam,
390 835 570 912 Tarquinius
584 833 708 891 Romam
721 841 873 890 venerunt.
915 831 1086 908 Tarquinio,
1099 833 1182 891 elau-

238 936 279 974 soe
299 926 396 992 portae,
411 915 603 989 exsiliumque
624 911 782 970 indictum:
806 911 989 970 liberatorem
1012 911 1092 968 urbis
1114 910 1183 970 laetu

238 1005 334 1053 eastra
349 1011 497 1071 accepere,
512 993 664 1068 exactique
677 991 744 1049 inde
762 989 847 1048 liberi
861 989 948 1069 regis.
989 988 1056 1048 Duo
1069 999 1182 1067 patrem

238 1075 331 1132 secuti
345 1082 420 1143 sunt,
431 1072 482 1148 qui
495 1070 660 1129 exsulatum
670 1070 753 1128 Caere
767 1070 798 1127 in
811 1069 952 1128 Etruscos
961 1069 1068 1126 ierunt.
1109 1068 1181 1126 Sex.

192 1156 285 1212 lotus
302 1153 365 1211 Ter
385 1153 491 1220 ninius,
506 1149 623 1218 Gabios
643 1157 791 1225 tamquam
811 1149 842 1206 in
862 1165 950 1205 suum
970 1165 1102 1225 regnum,
1117 1167 1181 1223 pro.

237 1172 393 1302 fectusflil)
415 1229 557 1288 ultoribus
579 1237 711 1286 veterum
731 1227 932 1296 simultatium,
947 1245 1022 1303 quas
1039 1226 1095 1283 sibi
1118 1227 1182 1303 ipse

237 1311 366 1369 eaedibus
386 1309 552 1387 rapinisque
576 1306 731 1376 eoneierat,
752 1315 797 1364 est
819 1304 1000 1364 interfectus.
1042 1303 1079 1363 L.
1106 1304 1182 1363 Tar-

236 1391 354 1468 quinius
368 1388 516 1465 Superbus
531 1385 663 1463 regnavit
677 1404 767 1454 annos
779 1385 907 1461 quinque
922 1391 951 1441 et
964 1384 1076 1461 viginti.
1122 1383 1182 1442 Re-

354 1477 475 1546 gnatum
490 1466 591 1523 Romae
604 1464 641 1522 ab
655 1463 769 1522 condita
783 1463 854 1521 urbe
869 1461 906 1519 ad
925 1462 1076 1520 liberatam
1091 1480 1182 1521 annos

190 1552 228 1612 15
256 1566 324 1608 uc.
355 1547 494 1605 ducentos
507 1543 700 1622 quadraginta
708 1551 853 1618 quattuor.
884 1539 952 1599 Duo
965 1540 1100 1599 eonsules
1111 1541 1182 1600 inde

257 1632 326 1686 245.
355 1625 480 1684 comitiis
501 1623 670 1681 centuriatis
692 1641 710 1678 a
728 1619 864 1698 praeieeto
884 1620 965 1678 urbis
977 1638 1015 1678 ex
1035 1638 1182 1678 eommen·

257 1724 288 1765 s.
298 1724 325 1764 c.
354 1705 436 1762 tariis
449 1702 545 1760 Servii
559 1699 653 1759 Tullii
667 1700 758 1758 oresti
771 1708 848 1770 sunt,
859 1696 897 1759 L.
909 1697 927 1757 J
929 1700 1017 1758 unius
1029 1697 1140 1760 Brutus
1152 1708 1183 1758 et

247 1787 327 1843 ’ὅθ’ῐ.
356 1779 394 1842 1..
410 1780 590 1859 Tarquinius
603 1778 775 1838 Collatinus.
