2717 4292
207 279 248 342 68
626 287 685 330 rm
706 287 780 329 mvn
827 255 834 267 ’

255 427 337 477 vasta
351 417 451 477 Romae
464 420 561 477 omnia
574 419 688 477 insueta
701 417 823 476 solitudo
837 415 961 488 fecisset,
974 418 1006 474 in
1021 414 1082 476 soro
1094 430 1202 495 praeter

255 517 362 574 paucos
383 500 530 556 seniorum
550 518 633 556 nemo
654 508 737 567 esset,
753 499 862 555 vocatis
887 499 987 574 utique
1010 497 1040 553 in
1064 507 1199 556 senatum

254 580 383 654 patribus
398 578 542 636 desertum
558 579 738 655 apparuisset
752 577 855 646 sorum,
868 578 1024 653 pluresque
1033 577 1096 652 jam
1110 595 1199 653 quam
1217 640 1219 642 v

255 656 394 714 Horatius
413 677 448 716 ac
463 657 601 714 Valerius
620 656 850 714 vociferarentur
860 660 927 712 :-'‘
937 656 1006 732 quid
1020 657 1195 730 exspectabi·

225 737 299 804 etis,
314 747 410 812 patres
423 737 601 813 conscripti?
642 737 673 792 Si
688 736 844 793 decemviri
857 735 945 792 finem
960 737 1127 810 pertinaciae
1139 753 1199 808 uon

254 815 373 885 faciunt,
392 834 477 874 ruere
500 836 535 874 ac
557 815 718 893 deflagrare
740 816 837 873 omnia
859 816 974 892 passuri
998 814 1089 872 estis?
1121 813 1198 890 quod

255 905 352 952 autem
366 896 442 952 istud
462 897 616 972 imperium
631 905 683 965 est,
698 895 865 964 decemviri,
881 894 956 969 quod
978 894 1104 970 amplexi
1118 904 1197 951 tene·

254 974 312 1032 tisl
355 974 454 1032 Tectis
469 994 504 1033 ac
525 975 682 1052 parietibus
692 974 762 1050 jura
781 974 887 1031 dicturi
907 973 998 1031 estis?
1020 992 1077 1030 uon
1098 972 1196 1049 pudet,

254 1053 387 1111 lictorum
402 1063 563 1112 vestrorum
578 1054 716 1129 majorem
735 1071 822 1130 prope
839 1071 995 1110 numerum
1008 1053 1039 1109 in
1054 1051 1116 1110 foro
1129 1071 1196 1109 cou-

205 1129 243 1186 10
253 1133 325 1208 spici
349 1151 437 1209 quam
460 1143 621 1210 togatorum
645 1132 849 1208 aliorumque?
890 1131 980 1201 Quid,
997 1133 1023 1189 si
1043 1132 1138 1189 hostes
1160 1129 1197 1188 ad

253 1211 356 1268 urbem
377 1213 503 1281 veniant,
525 1210 631 1271 facturi
653 1211 745 1270 estis?
785 1210 875 1282 Quid,
896 1212 922 1268 si
943 1210 1025 1286 plebs
1051 1229 1126 1279 mox,
1146 1211 1197 1268 ubi

252 1308 356 1367 parum
377 1292 540 1350 secessione
564 1302 723 1361 moveatur,
744 1300 857 1348 armata
879 1290 999 1347 veniali
1040 1288 1197 1347 Occasune

253 1370 333 1428 urbis
353 1371 441 1428 vultis
461 1371 544 1429 linire
565 1369 877 1448 imperiuml—Atqui
897 1377 949 1426 aut
972 1368 1053 1447 plebs
1077 1375 1199 1429 nonest

252 1447 394 1520 habenda,
409 1460 460 1507 aut
474 1449 598 1508 habendi
612 1461 680 1507 sunt
693 1449 800 1506 tribuni
814 1449 923 1525 plebis:
944 1466 996 1506 nos
1010 1448 1096 1506 citius
1110 1465 1196 1506 caru·

206 1527 361 1585 lberimus
382 1530 510 1605 patriciis
531 1530 747 1608 magistratibus
760 1547 848 1604 quam
868 1528 912 1585 rlli
933 1528 1069 1609 plebeiis:
1091 1546 1197 1585 novam

245 1607 489 1684 inexpertamque
510 1628 575 1665 eam
596 1618 764 1685 potestatem
785 1608 917 1683 eripuere
932 1608 1061 1682 patribus
1082 1607 1195 1678 nostris,

251 1703 288 1742 ne
309 1705 397 1756 nunc,
419 1687 572 1744 dulcedine
593 1687 684 1744 semel
705 1687 790 1763 capti,
807 1685 900 1744 ferant
920 1686 1104 1756 desiderium,
1127 1705 1197 1744 curn

252 1767 410 1841 praesertIm
432 1783 487 1822 nec
510 1784 562 1822 nos
583 1775 777 1842 temperemus
798 1765 1012 1841 imperiisque
1034 1766 1131 1822 minus
1152 1766 1198 1824 illi

253 1842 354 1899 auxilii
378 1853 482 1921 egeant
492 1842 631 1901 :’'—cum
654 1843 717 1902 haec
742 1864 778 1902 cx
802 1846 880 1902 omui
902 1855 983 1920 parte
1004 1843 1196 1921 jactarentur,

203 1921 242 1978 20
252 1923 322 1980 victi
333 1941 474 1980 consensu
484 1922 649 1992 decemviri,
660 1922 772 1982 futuros
782 1923 968 1999 se-quaudo
976 1923 1016 1981 ita
1025 1923 1199 1981 videatur-

251 2002 282 2058 in
305 2011 441 2079 potestate
464 2012 578 2080 patrum
601 2002 755 2060 affirmant.
797 2001 830 2060 Id
849 2003 932 2060 modo
953 2002 1040 2060 simul
1056 2012 1140 2060 orant
1160 2021 1198 2061 ac

252 2091 377 2150 monent,
393 2091 425 2140 ut
439 2083 507 2160 ipsis
522 2084 558 2141 ab
579 2083 688 2140 invidia
701 2091 850 2152 caveatur,
866 2100 920 2139 uec
935 2101 987 2139 suo
1001 2083 1144 2159 sanguine
1160 2081 1197 2140 ad

252 2159 395 2237 supplicia
409 2173 522 2237 petrum
537 2161 649 2239 plebem
664 2160 868 2221 assuefaciant.
910 2160 990 2219 LIII.
1014 2160 1093 2218 Tum
1108 2161 1196 2219 Vale·
1225 2208 1231 2225 ,

253 2239 314 2295 rius
336 2238 533 2316 Horatiusque
556 2240 636 2298 missi
660 2241 698 2297 ad
722 2241 835 2317 plebem
858 2241 1068 2298 conditionibus
1090 2241 1197 2317 quibus

207 2315 242 2368 25
253 2317 399 2375 videretur
426 2319 618 2377 revocandam
649 2319 918 2396 componendasque
945 2339 1002 2390 res,
1023 2319 1198 2378 decemviris

251 2415 365 2472 quoquc
380 2399 417 2454 ab
431 2399 475 2454 ira
493 2408 521 2455 et
539 2400 648 2474 impetu
662 2399 860 2476 multitudinis¹
868 2417 1033 2476 praecavere
1044 2399 1195 2473 jubentur.

252 2475 376 2533 Prol'ecti
391 2477 496 2554 gaudio
509 2478 619 2553 ingenti
633 2478 726 2555 plebis
735 2479 765 2534 in
777 2489 872 2535 castra
887 2478 1078 2555 accipiuntur,
1090 2479 1196 2554 quippe

251 2553 419 2614 liberatores
438 2556 616 2614 hauddubie
638 2567 667 2614 et
688 2567 782 2615 motus
801 2557 881 2615 initio
902 2567 930 2614 et
953 2558 1034 2615 exitu
1054 2559 1107 2615 rei.
1149 2556 1197 2614 Ob

252 2634 315 2692 haec
336 2635 380 2693 his
402 2635 619 2695 advenientibus
641 2637 743 2713 gratiae
757 2645 839 2694 aotae.
880 2635 982 2694 Icilius
1002 2655 1053 2713 pro
1067 2636 1195 2694 multitu-

203 2714 241 2770 30
252 2714 318 2772 dine
339 2715 429 2772 verba
453 2714 539 2772 facit:
561 2714 646 2786 idem,
668 2734 738 2773 eum
761 2715 797 2774 de
819 2715 1028 2774 conditionibus
1050 2725 1196 2795 ageretur,

253 2793 447 2869 quaerentibus
461 2793 565 2870 legatis
579 2813 644 2871 quae
658 2795 802 2871 postulata
815 2794 908 2871 plebis
921 2805 1026 2865 essem,
1041 2796 1196 2871 composito
1250 2831 1253 2836 -

250 2870 312 2948 jam
332 2880 398 2928 aute
419 2871 575 2928 adventum
595 2873 758 2948 legatorum
779 2875 908 2944 consilis,
929 2894 965 2933 ea
985 2875 1149 2952 postulavit,
1164 2882 1197 2932 ut

252 2959 404 3025 appareret
423 2949 454 3007 in
474 2951 608 3026 aequitate
623 2970 722 3009 rerum
734 2952 809 3030 plus
829 2972 917 3029 quam
935 2954 968 3012 in
989 2955 1079 3011 armis
1097 2953 1197 3030 reponi

252 3029 324 3104 spei.
366 3028 538 3087 Potestatem
552 3031 630 3088 enim
647 3031 833 3090 tribuniciam
847 3033 1136 3110 provocationemque
1151 3051 1196 3090 re·

204 3109 242 3165 35
253 3107 393 3183 petebant,
405 3119 472 3184 quae
485 3119 550 3167 ante
570 3108 750 3169 decevaros
770 3121 890 3169 creatos
898 3111 1009 3169 auxilia
1022 3112 1114 3190 plebis
1135 3111 1197 3170 sue·

253 3196 326 3257 rant,
342 3197 371 3245 et
390 3206 427 3246 ne
448 3189 497 3246 eui
522 3188 617 3246 fraudi
637 3199 713 3247 esset
733 3191 862 3249 concisse
882 3190 988 3248 milites
1009 3201 1059 3249 aut
1083 3191 1196 3268 plebem

252 3265 289 3323 ad
304 3267 488 3342 repetendam
502 3287 554 3344 per
567 3270 759 3328 secessionem
778 3270 950 3327 libertatem.
992 3268 1038 3328 De
1052 3270 1197 3327 decemvi-

252 3364 351 3404 rorum
365 3346 447 3404 niodo
460 3347 601 3424 supplicio
620 3358 701 3406 atrox
722 3349 898 3415 postulatum
919 3348 990 3407 fuit:
1012 3349 1077 3406 dedi
1091 3349 1197 3426 quippe

252 3445 301 3483 eos
315 3445 431 3502 aequum
445 3426 609 3498 censebant,
625 3428 763 3503 vivosque
782 3446 842 3505 rgm
857 3439 1091 3486 concrematuros
1105 3447 1197 3485 mma-

204 3507 242 3563 iO
252 3504 367 3563 bantur.
410 3505 514 3584 Legati
530 3505 565 3563 ad
580 3526 631 3564 ca:
655 3513 672 3541 ‘⁴
682 3527 748 3584 quae
761 3507 874 3565 consilii
889 3505 1015 3576 suerunt,
1027 3507 1100 3565 adeo
1113 3526 1198 3583 aequa

252 3585 426 3661 postulastis,
438 3597 470 3643 ut
484 3586 558 3643 ultro
573 3586 653 3643 vobis
666 3585 823 3644 deferenda
834 3584 958 3644 fuerint:
980 3587 1104 3644 libertati
1120 3587 1198 3644 enim

253 3681 289 3719 ea
309 3664 442 3738 praesidia
463 3666 565 3741 petitis,
587 3684 644 3722 non
665 3665 792 3723 licentiae
816 3664 851 3723 ad
875 3665 1086 3743 impugnandos
1107 3665 1197 3723 alios:

252 3740 304 3818 Irae
324 3751 428 3798 vestrae
451 3743 544 3819 magis
565 3743 772 3820 ignoscendum
797 3763 885 3820 quam
909 3743 1120 3822 indulgendum
1145 3754 1198 3815 est,

252 3818 358 3898 quippe
371 3820 423 3897 qui
435 3820 615 3881 crudelitatis
628 3821 693 3881 odio
706 3823 737 3882 iu
750 3823 952 3884 crudelitatem
967 3824 1060 3895 ruitis,
1074 3832 1104 3881 et
1118 3824 1200 3902 prius
