2717 4292
201 264 259 327 123
618 272 677 313 rrrr
698 271 768 313 rava

249 403 445 479 lateribusque
461 402 601 480 expeditis
616 402 762 479 profectus
776 402 813 460 ad
831 413 927 461 eastra
940 403 1067 462 hostium
1082 425 1119 463 ex
1133 423 1197 484 pro·

250 485 357 561 pinque
371 484 535 559 copiasque,
551 496 666 559 quantae
687 495 715 541 et
737 484 823 559 cujus
837 486 953 559 generis
973 496 1079 555 essent,
1094 506 1196 563 specu-

250 563 361 632 landas,
383 564 484 621 obvius
509 564 541 620 fit
568 562 728 620 Hannibali
756 574 785 621 et
812 564 867 639 ipsi
894 583 963 619 cum
992 566 1137 639 equitibus
1160 565 1199 624 ad

250 642 426 719 exploranda
448 642 529 699 cirea
551 642 616 700 loca
638 660 798 719 progresso.
841 642 949 699 Neutri
974 644 1080 702 alteros
1105 647 1196 723 primo

221 723 418 799 beernebaut,
434 721 549 779 densior
570 721 672 779 deinde
687 724 805 780 incessu
826 731 865 779 tot
880 722 1028 780 hominum
1043 744 1196 800 equorum-

251 820 308 877 que
332 802 428 857 oriens
451 801 546 877 pulvis
568 801 684 877 signum
707 802 959 878 propinquantium
984 803 1108 861 hostium
1131 804 1196 863 fuit.

251 880 387 938 Consistit
412 890 566 956 utrumque
590 899 704 957 agmen,
719 890 748 937 et
767 881 803 937 ad
824 882 961 957 proelium
982 902 1045 942 sese
1064 884 1196 961 expedie-

251 960 336 1017 bant:
359 960 456 1037 Scipio
474 959 650 1036 jacalatores
664 970 692 1017 et
707 959 808 1017 Gallos
828 961 941 1036 equites
959 962 989 1018 ia
1004 961 1096 1019 fronte
1110 963 1197 1034 locat,

252 1038 397 1097 Romanos
430 1040 631 1114 sociorumque
659 1038 736 1114 quod
760 1040 870 1096 roboris
898 1039 962 1110 fuit,
985 1042 1016 1097 in
1043 1042 1197 1101 subsidiis:

204 1122 240 1178 10
251 1116 398 1175 Hannibal
414 1118 539 1175 frenatos
553 1119 665 1194 equites
679 1119 710 1175 in
730 1117 859 1175 medium
880 1120 994 1194 accipit,
1009 1139 1119 1178 cornua
1133 1122 1164 1179 N
1166 1142 1197 1179 u-

250 1198 336 1254 midis
355 1197 461 1255 firmat.
505 1198 635 1255 Vixdum
649 1197 777 1255 clamore
792 1197 905 1256 sublato
921 1199 1101 1274 jaculatores
1115 1199 1197 1279 fuge·

251 1287 318 1334 runt
340 1277 416 1334 inter
439 1275 567 1335 subsidia
592 1276 628 1334 ad
653 1278 812 1335 secundam
837 1279 947 1335 aciem:
976 1278 1042 1335 inde
1067 1281 1197 1357 equitum

250 1367 400 1415 certarnen
420 1366 482 1415 erat
504 1356 684 1433 aliquamdiu
707 1376 830 1433 anceps:
853 1356 929 1426 dein,
949 1359 1019 1433 quia
1041 1361 1198 1419 turbabant

250 1456 340 1514 equos
363 1436 472 1513 pedites
494 1437 661 1506 intermixti,
681 1437 780 1493 multis
803 1436 967 1494 labentibus
987 1457 1023 1495 ex
1044 1440 1127 1515 equis
1148 1451 1198 1499 aut

203 1525 239 1578 15
251 1517 458 1585 desilientibus,
474 1516 524 1573 ubi
545 1535 612 1573 suos
631 1517 723 1593 premi
744 1517 958 1573 circumventos
978 1515 1124 1588 vidissent,
1136 1521 1198 1594 jam

251 1616 359 1674 magna
372 1615 409 1653 ex
432 1606 511 1672 parte
535 1596 570 1652 ad
595 1596 682 1672 pedes
705 1615 804 1673 pugna
821 1596 923 1665 iverat,
939 1596 1029 1655 donec
1050 1598 1197 1671 Numidae,

192 1711 204 1733 .
251 1678 351 1752 quiin
373 1676 510 1733 comibus
534 1685 623 1744 erant,
640 1676 830 1733 circumvecti
850 1675 970 1751 paulum
995 1677 1032 1733 ab
1056 1687 1137 1755 tergo
1164 1699 1196 1737 se

250 1755 445 1813 ostenderunt.
488 1754 517 1812 ls
538 1773 627 1830 pavor
644 1756 769 1830 perculit
790 1755 944 1825 Romanos,
961 1756 1098 1832 auxitque
1113 1777 1198 1834 pavo-

251 1852 313 1891 rem
328 1834 457 1891 consulis
468 1834 576 1890 vulnus
586 1834 808 1911 periculumque
819 1836 985 1892 intercursu
996 1845 1059 1892 turn
1072 1838 1198 1914 primurn

200 1919 241 1976 20
251 1913 434 1990 pubescentis
458 1913 512 1971 filii
541 1913 749 1991 propulsatum.
791 1914 851 1972 Hic
875 1925 938 1971 erat
961 1915 1079 1991 juvenis
1108 1936 1198 1993 penes

251 2012 338 2069 quem
360 1992 480 2069 perfecti
495 1994 616 2070 hujusce
640 1994 708 2050 belli
731 1993 796 2051 laus
814 2004 867 2063 est,
883 1992 1045 2052 Africanus
1065 1996 1101 2053 ob
1115 2016 1197 2072 egre-

251 2074 330 2149 giam
345 2073 494 2130 victoriam
505 2074 540 2130 de
552 2073 718 2129 Hannibale
730 2073 885 2149 Poenisque
900 2074 1071 2149 appellatus.
1112 2075 1198 2153 Fuga

251 2162 348 2210 tamen
365 2152 457 2209 effusa
475 2153 673 2229 joculatorum
694 2154 819 2210 maxime
834 2152 898 2222 fuit,
913 2172 987 2230 quos
1005 2156 1112 2230 primos
1133 2156 1197 2213 Nu-

252 2229 337 2287 midae
351 2232 530 2289 invaserunt.
572 2232 661 2289 Alius
682 2231 829 2289 confertus
843 2233 989 2309 equitatus
1003 2235 1153 2291 consulem
1167 2236 1198 2292 in

201 2316 240 2370 25
252 2310 378 2367 medium
401 2321 562 2387 acceptum,
577 2329 634 2367 non
656 2312 744 2368 armis
759 2312 841 2369 modo
855 2311 905 2370 sed
927 2312 1014 2368 etiam
1030 2316 1198 2390 corporibus

250 2390 311 2449 suis
336 2400 497 2466 protegene,
517 2391 546 2447 in
569 2400 674 2459 castra,
690 2409 834 2466 nusquam
859 2391 969 2467 trepide
988 2410 1083 2468 neque
1107 2394 1197 2452 effuse

164 2464 165 2469 ἵ
250 2468 387 2538 cedendo,
404 2469 528 2527 reduxit.
570 2470 686 2528 Servati
706 2472 834 2529 consulis
854 2473 945 2529 decus
958 2470 1072 2530 Coelius
1086 2473 1121 2530 ad
1137 2492 1197 2530 ser-

250 2568 321 2608 vum
344 2550 459 2607 natione
484 2548 626 2627 Ligurem
649 2550 781 2626 delegat:
804 2551 904 2608 malim
926 2550 1061 2625 equidem
1081 2553 1117 2610 de
1136 2554 1198 2611 filio

250 2648 354 2687 verum
368 2649 440 2700 esse,
449 2626 531 2707 ‘quod
546 2638 574 2688 et
595 2630 694 2707 plures
707 2630 852 2688 tradidere
867 2641 1000 2689 auctores
1014 2643 1043 2691 et
1057 2632 1135 2690 fama
1148 2634 1196 2690 ob-

201 2710 345 2768 totinuit.

291 2787 415 2847 XLVII.
438 2788 504 2846 Hoc
527 2790 653 2864 primam
676 2808 745 2847 curn
769 2788 936 2849 Hannibale
959 2792 1097 2870 proelium
1120 2789 1194 2864 fuit3

209 2869 221 2901 ‘¹
249 2886 307 2942 quo
322 2866 408 2924 saeile
423 2868 556 2944 apparuit
577 2878 605 2925 et
618 2870 749 2944 equitatu
771 2870 920 2928 meliorem
942 2872 1066 2929 Poenum
1080 2891 1152 2941 esse,
1168 2881 1197 2929 et

249 2947 285 3002 ob
299 2944 329 3001 id
343 2965 460 3021 campos
475 2955 614 3022 patentes,
626 2948 729 3022 quales
742 2958 809 3007 sunt
823 2950 898 3007 inter
912 2951 1024 3009 Padum
1035 2951 1195 3027 Alpesque,

249 3023 325 3081 bello
345 3024 472 3103 gerendo
486 3024 626 3083 Romanis
648 3038 728 3104 aptos
749 3047 806 3087 noa
829 3048 902 3087 esse.
945 3028 1046 3107 ltaque
1066 3032 1197 3107 proxima

200 3108 342 3173 35nocte,
364 3103 454 3179 jussis
478 3105 617 3163 militibus
638 3125 709 3164 vasa
733 3108 847 3166 silentio
871 3110 1018 3188 colligere,
1037 3120 1135 3167 castra
1160 3110 1197 3166 ab

187 3228 191 3237 .
249 3182 354 3241 Ticino
369 3194 444 3242 mota
466 3182 690 3260 festinatumque
704 3187 740 3243 ad
760 3188 871 3244 Padum
886 3199 937 3259 est,
953 3200 985 3248 ut
999 3190 1118 3259 ratibus,
1133 3189 1196 3265 qui-

249 3264 303 3321 bus
314 3263 452 3339 junxerat
466 3262 727 3335 flumemnondum
742 3268 884 3337 resolutis
896 3270 957 3326 sine
969 3269 1096 3326 tumultu
1110 3281 1195 3344 atqua

248 3346 435 3401 insectatione
460 3345 557 3414 hostis,
577 3347 675 3421 copias
705 3347 858 3421 trajiceret.
901 3348 987 3405 Prius
1016 3348 1196 3405 Placentiam

249 3443 407 3499 pervenere
422 3444 510 3501 quam
525 3427 594 3483 satis
605 3426 693 3483 sciret
704 3425 851 3484 Hannibal
864 3427 900 3484 ab
915 3428 1021 3485 Ticino
1035 3426 1195 3503 profectos:

200 3508 344 3561 toramen
373 3503 408 3561 ad
436 3518 588 3563 sexcentos
613 3516 789 3563 moratorum
814 3508 844 3562 ia
869 3508 1090 3584 citeriore·ripa
1114 3506 1194 3576 Padi,

247 3584 375 3659 segniter
396 3596 487 3641 ratem
515 3586 667 3654 solventeS,
692 3586 778 3662 cepit.
831 3586 972 3644 Transire
997 3598 1112 3663 pontem
1139 3604 1196 3643 non

247 3664 346 3738 potuit,
362 3673 393 3720 ut
415 3674 545 3721 extrema
566 3663 693 3722 resoluta
714 3675 805 3735 erant,
820 3675 880 3723 tota
900 3676 962 3723 rate
984 3668 1014 3722 ia
1035 3665 1196 3723 secundam

246 3760 353 3816 aquam
374 3742 499 3799 labente.
540 3743 653 3801 Caelius
674 3754 776 3801 auctor
797 3755 840 3803 est
861 3744 1018 3821 Magonem
1031 3764 1100 3802 cum
1115 3744 1195 3821 equi·

246 3828 308 3877 tatu
332 3829 361 3877 et
388 3818 528 3896 Hispanis
555 3821 699 3898 peditibus
719 3824 828 3883 flamen
850 3824 994 3903 extemplo
1017 3834 1196 3893 emanasse,
