2717 4292
504 224 592 267 rma
611 225 676 266 m.
717 225 784 267 car.
802 226 864 267 m.
1119 218 1179 279 139

179 358 326 417 nmntanis
340 356 378 414 ad
399 356 556 415 ferociores
571 356 635 433 jam
655 366 758 435 gentes
770 356 882 430 valuit3
902 376 961 415 nec
977 377 1035 435 pax
1048 358 1134 419 modo

179 438 258 516 apud
273 458 332 507 eos,
344 436 396 495 sed
406 438 532 494 societas
539 438 628 493 etiam
637 455 784 494 armorum
795 447 898 512 parata
905 448 958 507 est,
969 438 1132 516 valideque

178 519 290 594 aliquot
304 516 483 574 auxiliorum
497 517 628 573 cohortes
642 535 679 573 ex
696 517 732 572 iis
745 518 917 592 conscripta
928 529 1007 573 sunt.
1048 517 1130 576 Han-

177 598 262 655 nonis
276 598 321 653 cis
335 596 454 654 Iberum
469 596 619 671 provincia
627 606 707 653 erat:
728 614 797 652 eum
809 596 967 671 rehquerat
979 595 1130 655 Hannibal

177 676 214 733 ad
229 676 359 752 regionis
373 676 438 751 ejus
451 674 618 751 praesidium
631 696 638 731 :
663 676 771 750 itaque,
785 676 954 751 priusquam
968 676 1161 734 alienaren-ti

176 765 226 812 tur
249 757 358 823 omnia,
383 755 499 811 obviam
521 753 650 810 eundum
672 764 763 822 ratus,
791 755 895 810 castris
917 755 949 810 in
973 766 1130 831 conspectu

177 834 305 891 hostium
326 834 434 911 positis,
455 835 486 889 in
501 833 595 889 aciem
616 833 725 890 eduxit.
767 833 835 890 Nec
853 832 985 891 Romano
996 834 1130 892 differen-

176 912 248 969 dum
263 925 413 970 certarnen
428 914 533 981 visum,
548 913 654 987 quippe
673 914 726 988 qui
746 914 834 969 sciret
852 931 921 969 cum
934 912 1080 971 Hannone
1100 924 1130 972 et
1162 928 1172 941 ·

177 990 367 1049 Hasdrubale
394 993 449 1049 sibi
477 991 675 1048 dinricandum
702 1011 776 1061 esse,
803 991 961 1067 malletque
989 992 1129 1051 adversus

176 1071 310 1149 singulos
323 1072 480 1148 separatim
494 1090 583 1147 quam
597 1070 739 1127 adversus
748 1070 821 1127 duos
833 1071 921 1128 simul
936 1090 999 1127 rem
1011 1070 1178 1148 gererali)

176 1150 245 1208 Neo
256 1152 357 1228 magni
368 1151 536 1207 certaminis
544 1170 579 1207 ca
591 1150 739 1207 dimicatio
749 1148 821 1207 luit:
841 1169 893 1207 sex
901 1150 994 1207 millia
1002 1150 1128 1208 hostium

176 1249 264 1299 casa,
280 1230 338 1287 duo
352 1239 438 1305 capta
451 1248 520 1286 oum
541 1228 673 1305 prasidio
692 1238 871 1287 castrorum:
891 1248 960 1286 nam
976 1241 1006 1287 et
1029 1240 1128 1298 castra

176 1318 346 1387 expugnata
366 1318 443 1377 sunt,
458 1311 545 1384 atque
564 1310 625 1384 ipse
646 1307 707 1364 dux
727 1326 796 1365 oum
817 1308 927 1384 aliquot
946 1309 1127 1385 principibus

175 1390 354 1465 capiuntur,
381 1397 410 1446 ct
431 1388 548 1458 Scissis,
569 1387 763 1464 propinquum
783 1388 887 1443 castris
909 1387 1055 1464 oppidum,
1076 1407 1125 1445 ex-

175 1480 336 1545 pugnatur.
378 1467 518 1525 Ceterum
532 1466 630 1542 praeda
642 1465 739 1541 oppidi
752 1466 836 1542 parvi
844 1466 934 1544 pretii
948 1484 1047 1523 rerum
1061 1465 1125 1537 fuit,
1137 1468 1176 1523 lb

174 1547 310 1623 supellex
325 1547 478 1604 barbarica
492 1565 528 1603 ac
538 1546 640 1602 vilium
649 1545 878 1621 mancipiorum:
900 1554 997 1602 castra
1005 1545 1126 1603 militem

173 1624 315 1696 ditavere,
330 1645 389 1683 non
409 1626 474 1701 ejus
495 1624 578 1682 modo
592 1625 740 1681 exercitus
763 1625 814 1699 qui
828 1626 923 1681 victus
936 1634 1007 1693 erat,
1022 1624 1074 1681 sed
1096 1635 1126 1683 et

174 1706 249 1781 ejus,
261 1707 313 1782 qui
327 1725 396 1763 cum
418 1704 585 1762 Hannibale
600 1704 630 1760 in
644 1703 732 1761 Italia
746 1704 896 1773 militabat,
910 1705 1043 1762 omnibus
1063 1703 1125 1762 iere

174 1786 254 1841 caris
268 1786 366 1855 rebus,
378 1804 415 1842 ne
429 1784 532 1861 gravia
542 1782 747 1859 impedimenta
758 1781 917 1842 ferentibus
930 1793 1035 1854 essent,
1050 1784 1125 1842 citra

174 1863 357 1939 Pyrenaeum'
371 1864 491 1921 relictis.
1133 1866 1174 1923 20

214 1942 298 2001 LXI.
332 1943 507 2019 Priusquam
531 1951 612 1999 certa
635 1942 723 2018 hujus
747 1942 840 1999 cladis
862 1941 941 2000 lama
967 1941 1122 2013 accideret,

172 2032 375 2100 transgressus
388 2022 506 2080 Iberum
517 2021 684 2079 Hasdrubal
695 2041 764 2079 cum
772 2031 835 2080 octo
846 2022 975 2079 millibus
984 2021 1122 2098 peditum,

172 2102 255 2159 mille
265 2104 406 2179 equitum,
416 2110 565 2178 tamquam
574 2100 610 2157 ad
622 2102 748 2177 primum
757 2100 913 2158 adventum
924 2101 1123 2160 Romanorum

171 2200 363 2252 occursurus,
379 2191 531 2258 postquam
549 2180 675 2257 perditas
696 2200 743 2237 res
759 2180 938 2238 ad'Scissim
958 2182 1122 2258 amissaque

171 2272 273 2319 castra
301 2262 423 2338 accepit,
451 2262 507 2317 iter
534 2260 571 2317 ad
595 2279 676 2317 mare
704 2261 855 2321 convertit.
907 2260 996 2317 Haud
1020 2260 1121 2337 procul
1132 2263 1171 2317 25

173 2340 345 2398 Tarracone
366 2341 503 2398 classicos
523 2340 629 2397 milites
642 2333 820 2417 navalesque
840 2340 941 2410 socios,
963 2359 1052 2417 vagos
1072 2359 1120 2417 pa-

172 2419 327 2495 lantesque
355 2438 407 2495 per
434 2438 528 2497 agros,
556 2420 633 2494 quod
661 2418 752 2476 ferme
779 2420 820 2488 fit,
849 2429 881 2477 ut
907 2419 1043 2477 secundm
1074 2438 1121 2477 res

172 2499 384 2576 negligentiam
408 2509 517 2568 creent,
542 2499 639 2574 equite
659 2500 767 2574 passim
787 2498 905 2555 dimisso
924 2516 993 2554 oum
1013 2517 1121 2574 magna

172 2578 265 2648 caede,
281 2578 390 2653 majore
406 2578 476 2655 fuga
491 2577 526 2635 ad
537 2597 628 2635 naves
639 2576 795 2651 compellit.
836 2576 904 2633 Nec
917 2575 1026 2632 diutius
1039 2577 1121 2633 circa

172 2676 208 2715 ea
230 2658 297 2715 loca
310 2658 416 2715 morari
438 2677 536 2726 ausus,
552 2676 588 2714 ne
609 2656 645 2713 ab
658 2655 794 2731 Scipione
807 2655 1025 2732 opprimeretur,
1039 2664 1120 2712 trans
1131 2660 1169 2714 30

172 2734 292 2795 iberum
306 2755 370 2794 sese
379 2739 498 2814 recepit.
521 2736 561 2793 Et
574 2736 681 2812 Scipio,
694 2735 797 2811 raptim
810 2734 846 2792 ad
861 2732 969 2790 samam
980 2752 1121 2791 novorum

172 2816 299 2874 hostium
324 2816 440 2892 agmine
464 2826 537 2886 acto,
559 2834 627 2873 cum
649 2816 680 2871 in
701 2834 810 2891 paucos
832 2812 981 2891 praefectos
1001 2814 1120 2879 navium

173 2895 433 2965 animadvertisset,
454 2894 586 2975 prasidio
606 2894 779 2953 Tarracone
798 2894 910 2952 modico
924 2894 1033 2965 relicto,
1048 2893 1118 2951 Em-

98 2972 101 2977 ’
172 2975 270 3051 porias
281 2993 351 3032 cum
365 2976 458 3033 classe
472 2974 567 3032 rediit.
608 2974 740 3031 Vixdum
750 2973 878 3051 digresso
892 2994 935 3045 eo,
950 2972 1117 3032 Hasdrubal

172 3053 274 3111 aderat
286 3073 295 3125 ;
319 3063 356 3124 et,
366 3053 523 3131 Ilergetum
535 3053 647 3130 populo,
658 3054 709 3129 qui
722 3054 835 3111 obsides
849 3053 977 3130 Scipioni
991 3053 1117 3124 dederat,
1128 3055 1168 3111 85

173 3133 208 3190 ad
233 3132 425 3191 defectionem
449 3134 582 3209 impuls0‚
604 3152 794 3191 cumeorum
817 3135 943 3210 ipsorum
964 3134 1118 3210 juventute

172 3230 259 3288 agros
283 3212 414 3270 fidelium
438 3211 576 3270 Romanis
598 3213 743 3270 sociorum
767 3222 876 3271 vastat:
901 3214 995 3269 excito
1015 3211 1118 3269 deinde

173 3290 310 3367 Scipione
334 3292 471 3361 hibernis,
493 3293 602 3349 hostico
623 3292 665 3349 cis
687 3291 803 3349 Iberum
825 3309 926 3348 rursus
940 3290 1016 3348 cedit
1035 3308 1115 3365 agro.

173 3369 279 3446 Scipio,
297 3371 429 3428 relictam
451 3372 487 3428 ab
502 3370 799 3429 auctoredesectionis
822 3370 980 3445 Ilergetum
999 3379 1117 3445 gentem

175 3467 241 3506 cum
256 3448 360 3507 infesto
374 3452 504 3507 exercitu
518 3452 677 3519 invasisset,
690 3449 845 3526 compulsis
859 3448 992 3505 omnibus
1007 3448 1115 3504 Ataua-
1127 3452 1166 3507 4⁰

173 3546 269 3620 grum,
292 3529 405 3599 urbem,
430 3548 496 3605 quae
520 3540 606 3605 caput
630 3530 695 3604 ejus
717 3528 813 3605 populi
834 3537 904 3596 erat,
919 3525 1115 3597 circumsedit,

173 3617 306 3683 intraque
321 3606 382 3665 dies
396 3628 513 3684 paucos,
528 3608 660 3685 pluribus
674 3621 773 3683 quam·
782 3615 848 3663 ante
862 3606 1007 3664 obsidibus
1026 3607 1114 3682 impe-

172 3686 252 3756 ratis,
261 3686 411 3764 Ilergetes,
426 3688 550 3764 pecunia
559 3689 646 3745 etiam
660 3686 803 3756 multatos,
819 3685 849 3742 in
859 3686 910 3762 jus
923 3685 1116 3761 ditionemque

173 3766 293 3843 rocepit.
336 3764 405 3825 lude
425 3768 457 3824 in
471 3766 635 3825 Ausetanos
648 3784 736 3843 prope
751 3764 878 3839 Iberum,
893 3766 986 3825 socios
998 3774 1027 3824 et
1039 3765 1116 3845 ipsos
