2717 4292
417 763 583 858 uisui
623 707 875 859 susurru

408 1041 881 1097 onr.1-x,111,x111,m1v-xr..
976 1097 979 1103 ¹

236 1357 608 1436 ARGUMENTUM
641 1360 784 1435 LIBRI
814 1359 1053 1436 SECUNDI.

176 1548 191 1600 1
215 1547 317 1600 Bam-oe
330 1549 487 1614 jurejurando
497 1551 613 1614 populum
624 1551 749 1600 adstrinxit
759 1551 883 1600 neminem
893 1563 994 1615 regnare
1004 1549 1091 1602 Romo

143 1640 271 1690 pasurou
288 1627 323 1676 II.
340 1627 500 1691 Tarquinium
516 1628 664 1676 Collatinum
681 1629 800 1693 collegam
812 1644 893 1684 sunm,
903 1634 1000 1691 proptor
1010 1627 1089 1676 affini·

143 1710 222 1753 tatem
234 1699 419 1768 Tarquiniorum
435 1711 586 1769 suspectum,
597 1707 677 1770 coegit
688 1707 816 1754 consulatu
826 1722 853 1754 se
864 1707 976 1755 abdicare
992 1712 1018 1755 et
1028 1705 1089 1755 civi·

138 1781 311 1850 tateffoedere3
327 1782 358 1831 V.
375 1781 445 1830 Bona
455 1798 542 1847 regum
558 1783 626 1845 diripi
639 1781 725 1846 jussit;
741 1798 828 1848 agrurn
841 1782 916 1832 Marti
933 1784 1092 1842 consecravit,

143 1859 186 1920 qui
203 1857 312 1921 Campus
332 1857 437 1907 Martius
452 1859 590 1908 nominatus
607 1865 657 1921 est;
676 1860 840 1908 adolescentes
855 1860 991 1915 nobilee,in
1006 1861 1093 1923 quibus
1174 1887 1178 1894 ·
1231 1882 1239 1897 ·

143 1949 202 1982 suos
212 1950 307 1998 quoque
320 1939 344 1983 et
354 1934 440 1984 scions
454 1935 522 1994 filios,
533 1937 591 1998 quia
601 1934 787 1999 conjuraverant
798 1936 830 1984 de
838 1936 979 1998 recipiendis
989 1937 1093 2000 regibus,

144 2011 225 2059 securi
243 2011 373 2074 percussit3
398 2025 468 2060 servo
487 2012 567 2068 indici,
585 2012 626 2060 cui
645 2011 756 2060 Vindicio
773 2027 863 2060 nomen
884 2013 938 2069 fnit,
957 2013 1093 2062 libertatem

144 2087 226 2136 dedit:
243 2103 274 2136 ex
285 2086 355 2150 cnjus
366 2089 464 2137 nomine
475 2088 585 2137 vindicta
593 2089 730 2151 appellata3
746 2087 791 2136 vl.
808 2087 873 2136 Cum
890 2088 1005 2137 adversus
1015 2104 1093 2154 reges,

145 2165 186 2226 qui
203 2166 333 2213 contractis
346 2164 485 2214 Veientium
501 2172 526 2214 et
537 2165 748 2228 Tarquiniensium
758 2166 832 2228 copiis
848 2165 937 2214 bellurn
953 2166 1093 2225 intulerant,
1145 2178 1149 2184 ·

145 2242 279 2289 exercitum
293 2241 398 2290 duxiaeet
414 2243 440 2290 in
451 2243 529 2292 aciem
546 2258 604 2291 cum
615 2243 731 2300 Arrunte,
743 2242 792 2290 filio
808 2242 918 2305 Superbi,
929 2249 1094 2293 commortuus

145 2324 198 2378 est;
230 2316 290 2366 VII.
307 2316 420 2380 Eumque
440 2325 667 2368 matronaeannum
685 2321 805 2368 luxerunt
844 2319 918 2369 VIII.
935 2317 963 2367 P.
980 2318 1093 2369 Valerius

145 2395 230 2443 consul
241 2396 322 2459 legem
340 2395 370 2443 de
387 2396 554 2458 provocatione
566 2396 598 2445 ad
611 2397 726 2459 populum
737 2397 799 2445 tulit.
831 2395 978 2460 Capitolium
994 2397 1093 2446 dedica·

145 2477 199 2520 tum
215 2477 259 2519 est
293 2471 338 2519 IX.
355 2470 385 2519 x
404 2470 511 2530 Porsina,
523 2473 678 2522 Clusinorum
690 2472 752 2530 Rex,
764 2474 826 2521 bello
840 2488 882 2535 pro
893 2472 1029 2536 Tarquiniis
1040 2489 1091 2522 sue-

146 2553 225 2610 cepto,
237 2561 296 2596 oum
308 2548 339 2596 ad
349 2547 492 2598 Ianiculum
502 2550 615 2606 venisset,
627 2565 658 2597 ne
670 2548 778 2598 Tiberim
793 2549 906 2597 transiret
915 2550 1002 2598 virtute
1013 2549 1093 2600 Cocli·

145 2625 176 2672 tis
187 2623 283 2672 Horatii
293 2625 421 2687 prohibitus
432 2632 484 2688 est3
500 2626 549 2688 qui,
561 2625 621 2673 dum
633 2624 672 2672 alii
689 2629 789 2686 pontem
806 2625 932 2673 sublicium
947 2625 1093 2683 rescindunt,

145 2703 210 2750 solus
222 2700 339 2750 Etruscos
349 2703 460 2750 sustinuit
468 2717 476 2764 3
492 2708 525 2760 et,
533 2706 606 2764 ponte
615 2706 694 2762 rupto,
706 2705 814 2748 umatus
824 2700 850 2748 in
860 2699 953 2748 flumen
961 2715 987 2748 se
995 2701 1059 2748 misit
1069 2706 1094 2750 ct

146 2779 177 2827 ad
189 2793 245 2826 suos
257 2779 395 2829 transnavit.
420 2778 480 2827 XII.
491 2778 604 2827 Alterum
613 2777 713 2826 accesit
720 2777 813 2826 virtutis
823 2775 961 2840 dxemplum
970 2793 986 2826 a
995 2776 1094 2836 Mucio:

146 2855 194 2917 qui,
204 2871 263 2904 curn
275 2856 306 2903 ad
313 2855 447 2906 feriendum
458 2852 583 2904 Porsinam
595 2860 676 2904 casua
686 2855 791 2905 hostium
801 2855 920 2912 intraaeet,
928 2855 1007 2903 occuo
1017 2855 1095 2904 scrIbe

147 2947 221 2997 quem
231 2947 314 2996 regem
328 2947 379 2980 eoee
390 2933 500 2995 putabat,
509 2932 702 2996 comprehensus,
713 2932 850 2994 impositam
866 2933 980 2981 altaribus
991 2948 1094 2984 manum

148 3009 172 3056 in
183 3009 269 3070 quibus
279 3008 442 3057 sacrificatum
453 3014 504 3058 erat
515 3009 583 3057 exuri
594 3024 678 3071 passus
689 3015 734 3065 est,
745 3010 850 3072 dixitque
862 3025 914 3058 eme
925 3010 987 3059 tales
997 3016 1094 3060 trecen·

147 3090 183 3132 tos
200 3079 343 3148 conjuratos
353 3085 378 3133 in
388 3091 493 3134 mortem
509 3085 580 3148 ipsius
594 3085 662 3149 reqfis
696 3083 807 3142 Quorum
824 3085 979 3135 admiratione
996 3094 1096 3138 coactns

147 3158 248 3209 Porsina
271 3161 338 3224 pacis
359 3161 506 3210 conditiones
530 3163 600 3218 serre,
617 3151 706 3210 bellum
730 3163 817 3220 omisit,
843 3165 948 3225 acceptis
971 3164 1095 3214 obsidibus.

147 3237 222 3286 XIII.
241 3237 282 3286 Er
292 3238 378 3300 quibus
388 3238 454 3301 virgo
465 3254 517 3286 una
524 3238 617 3294 Cloelia,
624 3238 730 3300 deceptis
740 3239 884 3297 custodibus,
892 3254 935 3302 per
946 3238 1053 3288 Tiberim
1064 3241 1096 3290 ad

147 3329 203 3362 euos
216 3315 367 3376 transnavit3
386 3320 419 3371 et,
429 3330 487 3363 cum
503 3315 595 3363 reddita
611 3321 682 3373 esset,
694 3331 710 3363 a
727 3314 827 3365 Porsina
841 3317 971 3366 honorifice
987 3318 1094 3375 rembsa,

148 3392 249 3452 equestri
265 3396 348 3438 statua
368 3390 459 3438 donata
475 3397 518 3439 est.
550 3391 598 3454 Ap.
610 3391 726 3440 Claudius
737 3408 768 3441 ex
784 3393 878 3440 Sabinis
895 3391 1002 3441 Romam
1016 3399 1095 3440 trans-

147 3468 225 3531 fugit3
241 3467 272 3515 ob
288 3468 334 3534 hoc
346 3466 450 3515 Claudia
461 3468 534 3517 tribue
551 3467 647 3531 adjecta
663 3473 708 3525 est,
721 3484 882 3530 numerusque
893 3469 998 3517 tribuum
1010 3469 1095 3530 ampli-

148 3549 203 3591 atus
218 3548 262 3599 est,
273 3549 301 3591 ut
312 3549 392 3591 essent
402 3544 485 3608 viginti
496 3559 552 3592 una
586 3544 709 3593 Adversus
719 3543 879 3606 Tarquinium
891 3544 1027 3604 Superbum
1037 3558 1096 3593 cum

149 3619 291 3670 Latinorum
314 3623 421 3670 exercitu
444 3622 534 3670 mlum
551 3623 702 3678 inferentem,
719 3621 751 3669 A.
768 3621 904 3669 Postumius
920 3620 1022 3669 dictator
1039 3637 1093 3683 pro-

148 3703 217 3761 spere
227 3697 345 3762 pugnavit
357 3698 419 3761 apud
430 3699 512 3746 lacum
523 3697 651 3762 Regillum.
675 3697 752 3755 Plebs,
761 3713 819 3746 oum
826 3703 922 3760 propter
932 3712 1006 3746 nexos
1017 3698 1048 3746 ob
1059 3713 1093 3748 aa

149 3775 254 3822 allianum
271 3775 297 3822 in
315 3774 419 3824 Sacrum
435 3780 544 3824 montem
559 3775 702 3830 secessisset.
714 3775 810 3823 oonsilio
830 3772 937 3823 Menenii
954 3775 1097 3839 Agrippan

148 3850 262 3900 seditione
287 3845 402 3900 maocata
426 3856 470 3900 est.
520 3850 591 3899 Idem
616 3849 733 3916 Agrippa,
750 3867 808 3902 cum
834 3850 982 3909 decemiwet,
1001 3856 1098 3915 propter
