2717 4292
484 271 571 313 erasa
587 271 661 313 1111.
703 271 769 314 cur.
791 272 854 315 xrx.
1105 268 1163 331 159

168 413 362 483 campestrem
375 403 646 481 hostem-gravem
661 403 749 461 armis
762 404 1118 485 statariumque-pugno

168 502 276 563 genere
300 482 387 540 facile
409 482 506 540 elusit.
556 482 600 541 Ita
622 483 846 559 haudquaquam
870 486 934 561 pari
957 488 1116 545 certamine

167 564 300 639 digressi,
322 562 447 638 Hispani
469 562 529 620 fere
543 582 643 620 omnes
663 563 832 634 incolumes,
847 563 982 636 Romani,
1005 566 1116 643 aliquot

166 644 228 699 suis
242 642 367 711 amissis,
382 643 412 697 in
427 651 522 699 eastra
539 641 757 699 contenderunt.

206 720 319 779 Fabius
341 740 456 797 quoque
477 723 566 779 movit
586 731 691 790 castra,
716 731 972 799 transgressusque
996 724 1144 796 saltum,tl

166 819 255 877 super
277 796 386 857 Allifas
408 799 472 857 loco
494 801 550 858 alto
571 820 607 859 ao
630 802 741 859 munito
762 802 901 859 consedit.
951 802 1040 874 Tum,
1062 823 1114 880 per

165 880 321 937 Samnium
342 879 466 937 Romam
480 899 511 937 se
531 890 626 956 petere
640 880 793 951 simulans,
808 880 958 939 Hannibal
976 885 1113 959 usquein

167 958 303 1037 Pelignos
315 958 535 1036 populabundus
544 960 642 1018 rediit:
664 958 774 1018 Fabius
783 960 896 1019 medius
905 962 1113 1020 interbostium

165 1057 273 1117 agmen
287 1039 448 1115 urbemque
463 1038 586 1095 Romam
597 1038 677 1116 jugis
692 1038 825 1109 ducebat,
833 1058 890 1098 neo
904 1041 1045 1099 absistens
1056 1060 1112 1100 nec

164 1118 367 1195 congrediens.
423 1117 471 1174 Ex
498 1118 627 1195 Pelignis
655 1118 765 1177 Poenus
789 1120 869 1195 flexit
890 1120 954 1190 iter,
978 1131 1111 1198 retroque
1122 1122 1160 1179 10

164 1197 309 1273 Apuliam
330 1208 470 1274 repetens,
487 1197 647 1255 Geronium
668 1198 807 1274 pervenit,
823 1200 926 1256 urbem
939 1209 1025 1274 metu,
1063 1200 1114 1261 uia

163 1277 295 1353 collapsa
311 1278 401 1335 ruinis
416 1295 482 1353 pars
496 1278 638 1334 moenium
652 1286 724 1346 erat,
740 1278 776 1334 ab
790 1278 851 1334 suis
864 1278 1017 1336 desertam.
1044 1220 1110 1337 (iti.

163 1366 256 1413 ctator
270 1357 301 1413 in
315 1356 453 1414 Larinate
468 1375 538 1433 agro
552 1365 649 1413 castra
663 1357 843 1413 communiit.
878 1356 948 1414 Inde
962 1376 1111 1416 sacrorum

162 1454 257 1493 causa
277 1434 400 1493 Romam
414 1445 577 1505 revocatus,
592 1453 650 1492 non
670 1436 792 1511 imperio
812 1435 903 1504 modo,
919 1436 971 1492 sed
991 1437 1111 1495 consilio

162 1516 253 1573 etiam
268 1533 304 1572 ae
326 1534 412 1591 prope
429 1516 565 1592 precibus
580 1533 669 1590 agens
679 1515 752 1571 'curn
765 1515 904 1591 magistro
924 1516 1064 1590 equitum,
1079 1525 1112 1574 ut
1122 1516 1160 1572 lt

162 1594 231 1672 plus
252 1596 373 1652 consilio
393 1614 480 1671 quam
503 1593 625 1651 fortunae
639 1593 773 1663 confidat,
787 1605 817 1651 et
840 1613 872 1650 se
892 1588 986 1670 potius
1006 1594 1111 1651 ducem

162 1693 253 1750 quam
289 1674 492 1751 Sempronium
524 1672 760 1750 Flaminiumque
787 1674 933 1731 imitetur:
967 1690 1005 1729 ue
1038 1672 1110 1730 nihil

163 1763 263 1811 actum
285 1763 425 1823 censeret,
441 1762 571 1811 extracta
591 1771 678 1828 prope
700 1761 798 1810 aestate
819 1771 871 1829 per
884 1750 1111 1810 ludificationem

162 1833 270 1891 hostis:
292 1832 418 1890 medicos
443 1851 556 1909 quoque
579 1832 644 1908 plus
664 1831 811 1890 interdum
830 1832 927 1908 quiete
948 1850 1037 1907 quam
1051 1850 1109 1888 mo-

162 1912 257 1970 vendo
282 1922 368 1988 atque
390 1911 501 1989 agendo
524 1912 682 1988 proficere:
712 1910 790 1967 haud
811 1929 932 1987 parvum
952 1929 1015 1967 rem
1035 1930 1108 1981 esse,
1119 1911 1160 1967 2⁰

163 1992 201 2048 ab
214 1992 298 2049 toties
312 1993 420 2049 victore
441 1990 520 2048 hoste
528 1989 608 2049 vinci
614 1988 732 2060 desisse,
740 1990 777 2046 ab
783 1990 927 2049 continuis
933 1990 1067 2049 cladibus
1073 2011 1109 2049 ac

162 2072 320 2148 respirasse
334 2091 344 2144 3
364 2069 428 2127 haec
437 2068 632 2146 nequidquam
643 2072 811 2146 praemonito
821 2070 958 2146 magistro
968 2072 1109 2145 equitum,

163 2150 289 2209 Romam
304 2161 347 2208 est
360 2149 516 2227 proiectus.

204 2229 286 2289 XIX.
307 2229 453 2305 Principio
467 2228 581 2298 aestatis,
596 2246 655 2304 qua
668 2228 732 2285 haec
752 2227 938 2304 gerebantur,
953 2227 983 2284 in
1004 2226 1109 2303 Hispa-

162 2310 212 2367 nia
226 2328 341 2386 quoque
356 2317 434 2366 terra
448 2308 578 2384 marique
592 2317 721 2384 coeptum
735 2307 844 2365 bellum
858 2317 911 2365 est.
942 2305 1109 2365 Hasdrubal
1120 2309 1159 2365 25

163 2389 200 2447 ad
228 2408 297 2447 eum
324 2389 444 2446 navium
471 2405 635 2457 numerum,
664 2406 752 2463 quem
779 2406 797 2443 a
822 2385 910 2444 fratre
935 2387 1110 2445 instructum

163 2478 355 2546 paratumque
365 2476 527 2543 acceperat,
539 2466 640 2523 decem
650 2466 772 2541 adjecit:
787 2465 979 2541 quadraginta
989 2466 1110 2522 navium

163 2549 289 2606 classem
309 2546 469 2605 Himilconi
489 2545 584 2614 tradit,
600 2555 686 2620 atque
707 2545 747 2600 ita
767 2543 944 2619 Carthagine
965 2542 1110 2619 profectus

163 2628 288 2685 navibus
303 2646 389 2703 prope
404 2635 520 2695 terram,
531 2625 692 2681 exercitum
706 2623 736 2679 in
751 2621 833 2679 litore
848 2620 980 2689 ducebat,
992 2630 1111 2697 paratus

163 2708 330 2784 confligere,
345 2724 530 2781 quacumque
551 2711 633 2780 parte
653 2701 804 2777 copiarum
824 2700 913 2757 hostis
925 2700 1108 2757 occurrisset.
1121 2702 1159 2757 3⁰

163 2785 217 2843 Cn.
231 2786 369 2862 Scipioni,
385 2793 534 2861 postquam
549 2782 672 2839 movisse
682 2800 718 2839 ex
727 2780 857 2837 hibernis
870 2779 979 2837 hostem
990 2777 1109 2847 audivit,

165 2867 256 2941 primo
284 2866 360 2922 idem
388 2864 502 2922 consilii
530 2862 601 2919 fuit:
637 2860 740 2918 deinde
768 2861 865 2917 minus
892 2867 970 2916 terra
997 2867 1111 2935 propter

164 2944 310 3022 ingentem
336 2943 443 3001 famam
465 2961 604 3000 novorum
618 2941 793 2998 auxiliorum
815 2957 989 2997 concurrere
1011 2958 1109 3009 ausus,

165 3023 277 3082 delecto
288 3024 378 3080 milite
389 3023 424 3080 ad
435 3040 525 3079 naves
534 3022 672 3097 imposito,
683 3021 811 3096 quinque
822 3027 850 3077 et
864 3020 983 3096 triginta
991 3019 1110 3076 navium

165 3103 258 3161 classe
284 3104 327 3160 ire
341 3103 456 3160 obviam
478 3102 552 3159 hosti
573 3101 683 3177 pergit:
706 3100 796 3157 altero
810 3099 846 3156 ab
870 3098 1040 3157 Tarracone
1063 3098 1109 3154 die
1120 3098 1162 3154 35

166 3182 201 3239 ad
225 3183 385 3253 stationem,
401 3182 502 3239 decem
525 3180 617 3237 millia
641 3198 780 3257 passuum
801 3178 954 3236 distantem
978 3178 1014 3235 ab
1037 3177 1110 3234 ostio

166 3259 240 3319 lberi
255 3263 359 3332 amnis,
376 3261 515 3338 pervenit.
558 3258 627 3317 Inde
644 3258 709 3316 duae
730 3256 958 3314 Massiliensium
978 3255 1109 3331 specula-

166 3343 246 3399 toriae
267 3342 423 3418 praemissae
443 3340 578 3409 retulere,
594 3338 718 3397 classem
735 3337 877 3395 Punicam
891 3346 967 3392 stare
988 3334 1018 3389 in
1040 3333 1111 3389 ostio

167 3420 303 3491 fluminis,
325 3438 478 3496 castraque
499 3420 529 3475 in
544 3419 607 3495 ripa
627 3418 735 3494 posita:
757 3417 864 3490 itaque,
887 3421 918 3471 ut
938 3410 1112 3488 improvidos

167 3499 355 3576 incautosque
371 3501 506 3557 universo
520 3497 615 3555 simul
623 3496 714 3553 effuso
727 3504 836 3552 terrore
848 3492 1030 3569 opprimeret,
1045 3490 1111 3547 sub·
1121 3490 1160 3547 40

168 3576 233 3637 latis
257 3580 393 3637 anchoris
418 3578 453 3636 ad
480 3578 590 3636 hostem
614 3575 703 3632 vadit.
757 3571 865 3628 Multas
893 3581 921 3628 et
948 3569 1019 3627 locis
1047 3568 1113 3626 altis

169 3660 274 3736 positas
295 3668 390 3717 turres
411 3658 554 3734 Hispania
574 3655 669 3724 habet,
684 3653 790 3730 quibus
810 3661 839 3707 et
859 3649 986 3726 speculis
1000 3659 1029 3706 et
1049 3666 1111 3726 pro-

169 3740 345 3816 pugnaculis
359 3737 498 3795 adversus
522 3736 647 3793 latrones
661 3742 792 3790 utuntur.
833 3728 903 3787 Inde
924 3729 1024 3805 primo,
1045 3733 1126 3785 con-'

171 3817 276 3895 spectis
295 3818 421 3877 hostium
441 3816 574 3885 navibus,
598 3811 698 3870 datum
719 3811 836 3889 signum
856 3806 1035 3866 Hasdr‘ubali
1047 3812 1108 3883 est;
