2717 4292
487 318 574 362 arara
593 322 638 363 rr.
678 322 745 363 cur.
760 322 805 363 m.
1101 316 1140 377 ῃ

145 451 250 509 seu'ex
265 450 404 528 patribus,
419 469 472 509 seu
486 471 523 509 ex
537 452 621 530 plebe
630 451 710 523 velit,
721 453 845 531 populus
854 453 990 513 consules
1002 464 1093 514 creet.

144 529 185 588 Et
205 540 357 588 creaturos
378 530 458 588 haud
478 532 564 591 dubie
579 551 615 589 ex
636 532 720 608 plebe
733 533 981 592 seditiosissimum
994 554 1094 611 quern·

144 628 220 687 que:
251 609 409 667 Canuleios
432 611 523 687 igitur
546 610 700 688 Iciliosque
720 613 855 671 consules
878 613 949 672 fore.
991 614 1040 673 Ne
1064 614 1095 673 id

143 688 162 747 J
163 690 280 766 uppiter
294 690 419 765 optimus
433 692 578 749 maximus
591 692 707 761 sineret,
730 694 820 770 regiae
834 693 992 769 majestatis
1004 695 1093 771 impe·

144 770 223 831 rium
238 788 274 825 eo
287 768 435 826 recidere:
456 779 530 827 etse
550 771 656 828 millies
670 772 824 829 morituros
837 774 1043 850 potiusquam
1061 784 1123 837 uto

144 857 260 905 tantum
274 846 424 906 dedecoris
438 848 548 907 admitti
569 851 725 928 patiantur.
766 850 886 909 Certum
900 852 1019 923 habere,
1033 872 1093 911 ma·

143 928 223 1007 jores
236 945 361 1003 quoque,
377 928 402 985 si
423 928 608 1000 divinassent,
623 930 807 989 concedendo
819 930 917 988 omnia
930 951 988 989 non
1001 933 1093 989 mitio-

144 1025 209 1064 rem
231 1008 262 1063 in
276 1026 308 1063 se
328 1006 452 1083 plebem,
473 1008 524 1066 sed
545 1009 718 1085 asperiorem
740 1011 799 1067 alia
812 1029 850 1068 ex
864 1010 930 1069 aliis
949 1011 1095 1087 iniquiora

144 1085 329 1163 postulando,
341 1105 410 1144 cum
424 1088 518 1164 prima
531 1088 721 1165 impetrasset,
736 1088 874 1160 suturam,
886 1091 979 1166 primo
992 1109 1093 1167 quam·

144 1164 218 1223 libet
231 1164 444 1223 dimicationem
458 1168 603 1225 subituros
618 1167 708 1227 fuisse
722 1170 824 1246 potius,
839 1188 928 1245 quam
941 1189 994 1228 eas
1013 1170 1094 1249 leges
1102 1176 1138 1228 10

144 1244 201 1301 sibi
215 1245 325 1320 imponi
345 1255 522 1321 paterentur.
565 1246 646 1312 Quia
666 1256 729 1304 tum
747 1267 919 1307 concessum
938 1250 976 1307 sit
993 1248 1030 1307 de
1043 1250 1093 1307 tri·

144 1324 242 1393 bunis,
256 1324 363 1381 iterum
377 1342 548 1383 concessum
562 1345 643 1383 esse:
665 1326 754 1384 linem
766 1346 824 1384 non
837 1328 919 1385 fieri:
939 1346 997 1387 non
1010 1348 1094 1405 posse

144 1403 177 1459 in
191 1403 293 1459 eadem
308 1404 424 1463 civitate
443 1404 679 1481 tribunusplebis
693 1416 722 1463 et
735 1416 832 1484 patres
845 1426 929 1465 esse:
950 1417 1002 1465 aut
1013 1408 1094 1467 buno

144 1482 286 1551 ordinem,
302 1493 352 1540 aut
366 1482 450 1541 illum
464 1486 666 1562 magistratum
680 1485 840 1543 tollendum
853 1505 927 1555 esse,
942 1487 1094 1563 potiusque

144 1580 220 1631 sero,
235 1580 324 1638 quam
337 1581 488 1639 nunquam
509 1564 624 1621 obviam
638 1564 768 1622 eundum
782 1564 913 1623 audaciae
928 1565 1143 1630 temeritati-15

144 1660 214 1717 que.
256 1640 341 1699 Illine
356 1651 388 1699 ut
401 1643 518 1718 impune
533 1644 625 1720 primo
639 1644 797 1701 discordias
810 1654 940 1703 serentes
950 1645 1096 1703 concitent

144 1720 270 1778 finitima
297 1721 384 1791 bella,
410 1721 513 1780 deiude
541 1723 681 1781 adversus
708 1743 754 1794 ea,
782 1742 848 1800 quae
875 1726 1094 1795 concitaverint,

144 1802 256 1857 armari
268 1800 416 1858 civitatem
424 1800 597 1878 delendique
606 1804 784 1879 prohibeant,
795 1812 833 1873 et,
845 1822 914 1861 cum
924 1805 1019 1862 hostes
1031 1814 1094 1862 tan-

144 1889 209 1937 tum
227 1899 285 1937 non
299 1882 492 1951 arcessierint‚
507 1884 654 1940 exercitus
674 1883 818 1940 conscribi
838 1883 978 1941 adversus
999 1884 1094 1942 hostes

143 1978 203 2017 non
225 1960 380 2035 patiantur,
404 1959 454 2018 sed
478 1960 583 2019 audeat
604 1960 765 2019 Canuleius
785 1963 816 2020 in
838 1974 941 2021 senatu
964 1963 1095 2039 proloqui
1103 1969 1144 2026 20

143 2058 187 2107 se,
207 2038 264 2095 nisi
277 2058 346 2096 suas
363 2040 451 2116 leges,
466 2049 614 2116 tamqnam
628 2041 755 2110 victoris,
770 2051 867 2118 patres
880 2040 975 2118 accipi
988 2042 1094 2112 sinant,

143 2118 286 2175 dilectum
311 2118 411 2176 haberi
435 2119 666 2197 prohibiturum!
697 2119 788 2185 ‚Quid
809 2139 873 2179 esse
894 2119 983 2191 aliud,
1005 2140 1095 2196 quam

144 2198 262 2267 minari,
277 2217 308 2255 se
329 2198 510 2274 proditurum
524 2200 656 2275 patriam,
671 2201 834 2277 oppugnari
851 2209 937 2276 atqua
951 2200 1017 2276 capi
1031 2220 1094 2277 pas-

144 2276 273 2334 surum?
314 2276 395 2343 Quid
408 2296 474 2335 eam
485 2288 586 2337 vocem
601 2279 772 2351 animorum,
782 2298 839 2337 non
853 2280 929 2358 plebi
944 2279 1094 2350 Romanae,

144 2356 197 2413 sed
212 2355 330 2414 Volscis
351 2367 379 2415 ct
399 2357 506 2435 AEquis
526 2365 555 2415 et
569 2357 742 2416 Veientibus
763 2358 936 2417 allaturam!
977 2358 1144 2430 Nonne,25

144 2434 290 2493 Canuleio
316 2435 400 2506 duce,
429 2457 460 2495 se
485 2445 651 2513 speraturos
678 2436 853 2515 Capitolium
880 2448 966 2515 atque
995 2458 1095 2496 arcem

145 2514 288 2573 scandere
302 2528 393 2592 posse,
409 2516 433 2573 si
448 2517 577 2591 patribus
590 2518 709 2586 tribuni,
724 2536 794 2574 cum
811 2517 879 2592 jure
894 2536 930 2574 ac
944 2517 1094 2592 majestate

146 2592 289 2671 adempta,
305 2594 415 2653 animos
428 2596 516 2652 etiam
531 2595 712 2673 eripuerint?
746 2594 888 2652 Consules
903 2605 1017 2669 paratos
1030 2614 1095 2652 esse

145 2672 239 2731 duces
259 2673 340 2750 prins
357 2674 496 2733 adversus
516 2674 614 2733 scelus
628 2674 748 2744 civium,
769 2692 858 2750 quam
872 2673 1011 2730 adversus
1031 2674 1094 2731 hos

145 2753 220 2811 tium
235 2771 328 2809 arma.
1106 2757 1146 2815 ³0

186 2830 240 2890 111.
262 2831 337 2890 Cum
360 2833 485 2891 maxime
500 2832 563 2891 haec
584 2833 615 2889 in
629 2844 732 2891 senatu
753 2841 919 2910 agerentur,
933 2831 1096 2891 Canuleius

146 2929 198 2988 pro
211 2911 326 2989 legibus
336 2912 397 2969 suis
411 2921 439 2969 et
454 2912 594 2971 adversus
605 2913 739 2971 consules
752 2913 794 2970 ita
804 2912 956 2971 disseruit:
976 2918 996 2947 ‘⁴
1004 2931 1095 2989 quan-

145 2999 245 3067 topere
262 3009 321 3061 vos,
337 2990 476 3063 Quirites,
492 3001 710 3050 contemnerent
730 3001 835 3069 patres,
854 3011 944 3070 quam
963 2992 1097 3070 indignos

145 3069 297 3145 ducerent,
309 3071 358 3147 qui
373 3090 433 3128 una
446 3090 547 3129 secum
562 3071 634 3129 urba
652 3071 730 3129 intra
744 3071 846 3130 eadem
861 3072 969 3131 moenia
983 3073 1095 3130 vivere·

146 3150 192 3220 tis,
214 3168 292 3226 saepe
315 3149 450 3225 equidem
470 3160 499 3209 et
521 3160 587 3208 ante
608 3150 708 3209 videor
730 3150 985 3209 animadvertisse:
1016 3156 1146 3211 nuncil-'t

146 3237 245 3287 tamen
260 3229 396 3299 maxime,
407 3228 484 3306 quod
495 3229 566 3288 adeo
581 3239 693 3289 atroces
704 3232 735 3288 in
746 3231 799 3288 has
813 3230 974 3307 rogationes
985 3240 1097 3288 nostras

145 3308 237 3367 coorti
258 3318 345 3381 suut3
369 3310 475 3385 quibus
495 3309 566 3385 quid
587 3308 667 3368 aliud
688 3327 777 3386 quam
798 3308 994 3378 admonemus,
1016 3308 1098 3366 cives

146 3405 320 3447 noseorum
342 3408 406 3446 esse
427 3398 465 3460 et,
487 3390 512 3447 si
534 3408 591 3446 non
612 3388 729 3447 easdem
748 3408 817 3465 opes
837 3386 953 3456 babere,
975 3386 1098 3443 eandem

146 3474 245 3525 tamen
274 3468 398 3542 patriam
425 3468 576 3527 incoleret
626 3468 732 3526 Altera
758 3465 935 3527 connubium
962 3466 1097 3540 petimus,

146 3546 224 3622 quod
245 3545 376 3604 finitimis
396 3549 582 3624 externisque
596 3546 660 3604 dari
680 3547 845 3605 solet-nos
865 3544 983 3620 quidem
997 3543 1097 3601 civita·
1107 3547 1147 3605 40

146 3634 217 3694 tem,
228 3643 295 3700 quae
315 3625 484 3703 plusquam
499 3626 677 3685 connubium
699 3635 750 3696 est,
765 3624 896 3683 hostibus
910 3624 997 3681 etiam
1012 3623 1098 3682 victis

146 3702 280 3761 dedimus
290 3704 432 3763 :-altera
452 3706 525 3765 nihil
545 3706 613 3764 novi
631 3703 762 3775 ferimus,
777 3704 828 3762 sed
849 3702 887 3774 id,
902 3701 978 3780 quod
999 3704 1099 3781 populi

147 3792 200 3853 est,
216 3784 376 3861 repetimus
390 3794 476 3862 atque
498 3803 684 3863 usurpamus,
700 3793 740 3856 ut,
756 3783 862 3861 quibus
878 3784 958 3854 velit,
973 3784 1098 3862 populus

149 3858 300 3923 &manus
313 3863 436 3924 honores
457 3863 583 3923 mandet.
625 3863 707 3931 Quid
720 3862 838 3923 tandem
850 3873 903 3935 est,
917 3880 973 3922 cur
990 3860 1099 3923 calum
