2717 4292
448 303 535 363 arana
555 305 630 347 mr.
671 305 737 348 cur.
756 306 917 360 xanxnn:
1004 336 1060 374 ,.
1111 298 1170 360 177

216 434 255 494 Ut
275 435 307 492 iu
328 445 425 492 castra
439 446 591 505 venerunt,
613 437 754 513 permixto
774 457 849 496 novo
868 439 1000 497 exercitu
1022 459 1058 498 ae
1075 459 1123 498 ve·

174 525 245 585 tere,
261 516 366 572 castris
381 515 515 572 bifariam
531 515 624 586 factis,
639 527 671 573 ut
685 535 758 574 nova
773 519 884 574 minora
898 528 993 576 essent
1008 521 1124 597 propius

174 594 383 663 Hannibalern,
393 596 424 651 in
433 596 579 652 veteribus
592 597 685 670 major
698 615 765 672 pars
774 605 802 654 et
816 615 900 654 omne
915 593 1003 655 robur
1017 601 1124 657 virium

174 683 261 743 esset,
276 673 431 730 consulum
446 676 515 731 anni
529 676 631 750 prioris
646 674 687 730 M.
703 676 837 744 Atilium,
854 687 967 734 aetatem
981 697 1123 736 excusan-

173 766 243 822 tem,
260 752 384 809 Romam
399 753 548 822 miserunt,
565 753 721 811 Geminum
742 753 900 813 Servilium
921 757 951 813 in
966 758 1124 816 minoribus
1153 760 1171 814 o

174 832 281 890 castris
305 831 412 907 legioni
436 831 577 889 Romanae
600 843 629 891 et
650 833 762 890 socium
787 835 915 910 pediturn
935 837 1123 914 equitumque

173 911 289 968 duobus
303 911 433 969 millibus
453 911 625 988 praeficiunt.
667 912 828 983 Hannibal,
843 932 1021 991 quamquam
1042 927 1123 994 parta

173 989 296 1047 dimidia
317 1001 419 1048 auctas
441 991 566 1048 hostiurn
590 992 687 1068 copias
712 993 858 1063 cernebat,
879 1004 977 1051 tamen
998 994 1123 1054 adventu

174 1068 330 1127 consulum
345 1071 418 1127 mire
432 1069 570 1146 gaudere.
613 1071 681 1128 Non
696 1072 790 1128 solum
805 1074 882 1130 enim
896 1074 969 1132 nihil
983 1093 1021 1131 ex
1034 1076 1124 1151 raptis

174 1148 206 1205 in
231 1148 308 1206 diem
331 1150 540 1207 commeatibus
563 1151 727 1226 superabat,
753 1150 872 1221 sedne,
898 1153 975 1211 uude
999 1163 1122 1230 raperet,
1135 1156 1172 1214 1⁰

174 1227 295 1304 quidem
319 1229 479 1304 quidquam
503 1229 609 1304 reliqui
633 1239 705 1298 erat,
720 1231 798 1287 omni
820 1231 948 1308 undique
969 1232 1122 1304 frumento,

174 1316 329 1386 postquam
350 1327 421 1384 ager
442 1326 546 1384 parum
571 1318 651 1365 tutus
664 1317 736 1378 erat,
752 1309 781 1364 in
797 1311 884 1368 urbes
909 1313 1035 1370 munitas
1055 1331 1122 1370 con-

175 1396 268 1456 vecto,
284 1397 317 1444 ut
339 1388 386 1443 vix
400 1385 502 1444 decem
524 1386 646 1457 dierum,
662 1387 738 1463 quod
760 1399 938 1465 compertum
960 1401 1056 1466 postea
1070 1401 1122 1462 est,

175 1463 356 1523 frumentum
377 1476 549 1543 superesset,
565 1466 820 1542 Hispanorumque
841 1469 876 1526 ob
900 1469 1026 1545 inopiam
1046 1481 1123 1527 tran·

173 1545 240 1602 sitio
254 1554 356 1622 parata
368 1545 463 1616 fuerit,
479 1547 503 1603 si
519 1547 670 1602 maturitas
684 1554 845 1622 temporum
860 1557 1026 1624 exspectata
1040 1546 1121 1606 foret.
1136 1553 1173 1607 15

175 1622 257 1682 XLI.
280 1624 419 1682 Ceterum
440 1626 594 1682 temeritati
608 1625 737 1682 consulis
758 1643 793 1682 ac
814 1644 996 1702 praepropero
1009 1627 1125 1702 ingenio

174 1706 330 1761 materiam
343 1705 431 1762 etiam
447 1703 561 1762 fortuna
576 1703 661 1775 dedit,
676 1703 753 1781 quod
774 1706 804 1760 in
818 1705 1000 1782 prohibendis
1014 1706 1123 1782 praeda-

174 1784 287 1840 toribus
310 1784 500 1841 tumultuario
524 1784 627 1860 proelio
649 1803 684 1842 ac
707 1802 849 1860 procursu
877 1785 970 1862 magis
998 1785 1124 1843 militum
1200 1813 1205 1823 ·

174 1881 265 1938 quam
280 1873 556 1940 expraeparatoaut
566 1863 651 1939 jussu
667 1864 872 1939 imperatorum
889 1875 959 1934 orto,
975 1863 1123 1941 haudqua-

175 1960 265 2017 quam
281 1962 335 2019 par
355 1942 454 2000 Poenis
468 1942 614 2011 dimicatio
636 1941 699 1998 fuit.
741 1941 790 1998 Ad
804 1942 885 2000 mille
899 1953 928 2000 et
951 1944 1124 2022 septingenti
1134 1948 1173 2004 2⁰

175 2023 254 2090 caesi,
269 2039 327 2079 non
348 2022 414 2098 plus
434 2030 551 2079 centum
573 2020 772 2079 Romanorum
793 2021 994 2098 sociorumque
1007 2024 1121 2081 occisis.

175 2100 315 2159 Ceterum
339 2102 498 2159 victoribus
524 2100 615 2158 effuse
637 2100 824 2176 sequentibus
849 2110 928 2158 metu
953 2101 1123 2160 insidiarum

175 2181 285 2238 obstitit
299 2180 409 2238 Paulus
423 2180 534 2250 consul,
550 2181 636 2256 cujus
649 2199 684 2237 eo
705 2179 860 2236 die—nam
876 2180 995 2239 alternis
1009 2182 1123 2259 imperi·

176 2260 472 2336 tabant—imperium
486 2271 558 2329 erat,
569 2259 701 2316 Varrone
712 2258 880 2337 indignante
892 2279 927 2318 ao
937 2259 1122 2332 vociferante,

175 2340 315 2397 emissum
329 2339 439 2396 hostem
454 2359 470 2396 e
485 2340 627 2409 manibus,
643 2338 851 2415 debellarique,
865 2340 896 2397 ni
916 2351 1062 2398 cessatum
1084 2340 1123 2399 so-
1134 2344 1172 2399 25

176 2427 229 2490 ret,
245 2416 422 2501 potuisses
426 2418 575 2476 Hannibal
590 2419 618 2475 id
633 2418 772 2475 damnum
786 2418 863 2476 haud
878 2421 1029 2496 aegerrime
1043 2421 1121 2496 pati3

176 2500 245 2573 quin
261 2500 356 2575 potius
370 2495 498 2568 credere,
509 2497 589 2555 velut
604 2498 763 2554 inescatam
774 2498 965 2554 temeritatem
976 2497 1124 2557 ferocioris

176 2579 305 2636 consulis
320 2597 355 2636 ac
369 2597 509 2635 novorum
531 2577 657 2634 maxime
672 2576 797 2632 militurn
811 2593 884 2632 esse.
926 2574 965 2632 Et
986 2577 1082 2633 omnia
1096 2578 1123 2634 ei

175 2657 302 2715 hostium
316 2657 393 2715 haud
414 2676 500 2716 secus
513 2675 602 2733 quam
623 2674 677 2712 sua
698 2664 765 2712 nota
779 2663 877 2710 erant:
900 2652 1054 2711 dissimiles
1068 2654 1122 2712 dis-

176 2735 336 2813 cordesque
351 2738 536 2813 imperitare;
559 2735 633 2792 duas
646 2751 734 2811 prope
748 2741 844 2810 partes
858 2733 983 2790 tironum
998 2734 1123 2790 militum
1134 2738 1173 2794 30

151 2873 155 2877 .
176 2814 206 2873 in
220 2817 353 2874 exercitu
367 2835 441 2872 esse.
484 2814 595 2891 ltaque,
610 2813 708 2871 locum
722 2823 750 2870 et
764 2823 878 2890 tempus
898 2811 1011 2870 insidiis
1025 2822 1124 2890 aptum

176 2913 208 2952 se
228 2895 440 2964 haberemus,
456 2904 539 2952 noete
560 2894 691 2970 proxima
705 2893 776 2951 nibil
799 2903 903 2969 praeter
922 2911 1005 2951 arma
1023 2912 1124 2951 secum

176 2972 303 3031 ferentes
316 2974 414 3031 educit
423 2974 537 3044 milites,
548 2983 645 3031 eastra
659 2972 746 3049 plena
759 2973 852 3030 omnis
867 2970 988 3052 soptunae
999 2974 1124 3052 publicas

176 3055 354 3130 privataeque
377 3054 523 3129 relinquit,
538 3063 676 3128 transque
698 3053 840 3130 proximos
859 3063 969 3112 montes
988 3054 1062 3112 loeva
1076 3073 1123 3131 pc·

176 3132 248 3191 dites
265 3134 420 3191 instructos
445 3133 550 3202 condit,
573 3132 675 3189 dextra
699 3133 819 3208 equites,
845 3132 1049 3209 impedimenta
1073 3138 1172 3211 partib

176 3212 341 3270 convallem
365 3212 493 3269 medium
518 3230 623 3289 agmen
644 3210 779 3281 traducit,
804 3221 836 3268 ut
856 3211 1023 3288 diripiendis
1044 3213 1125 3272 velut

176 3291 298 3350 desertis
312 3290 384 3369 suga
394 3291 575 3350 dominorum
589 3292 694 3348 castris
708 3299 883 3366 occupatum
897 3289 1124 3367 impeditumque

175 3370 286 3428 hostem
310 3371 493 3447 opprimeret.
549 3370 651 3429 Crebri
677 3369 772 3426 relicti
799 3369 830 3424 in
852 3369 956 3425 castris
978 3369 1069 3444 ignes,
1093 3379 1125 3428 ut

176 3449 249 3508 fides
272 3450 365 3520 fieret,
387 3449 456 3506 dum
478 3450 539 3526 ipse
563 3449 678 3526 longius
702 3448 826 3524 spatium
852 3445 923 3523 fuga
946 3448 1123 3524 praeoipcret,

176 3527 251 3586 falsa
275 3529 403 3606 imagine
419 3539 589 3599 castrorum,
614 3530 691 3585 sicut
713 3526 838 3584 Fabium
859 3527 953 3602 priore
969 3544 1043 3583 anno
1065 3524 1173 3588 fra-4⁰

175 3617 284 3666 stratus
298 3619 382 3679 esset,
398 3618 497 3666 tenere
508 3610 538 3665 in
552 3608 623 3665 locis
634 3605 769 3664 consules
784 3605 919 3662 voluisse.
954 3604 1047 3663 XLII.
1067 3605 1125 3665 Ubi

175 3687 283 3755 illuxit,
293 3687 445 3746 subductae
454 3689 545 3764 primo
553 3687 699 3754 stationes,
709 3683 813 3742 deinde
827 3684 943 3760 propius
953 3685 1126 3744 adeuntibus

175 3765 323 3825 insolitum
343 3767 491 3825 silentium
512 3765 731 3824 admirationem
752 3763 831 3820 fecit.
873 3761 890 3819 J
893 3782 940 3821 am
958 3765 1027 3822 satis
1047 3784 1124 3823 com·

174 3855 259 3922 perta
271 3845 426 3906 solitudine
447 3846 478 3903 in
491 3845 603 3916 castris,
616 3850 780 3902 concursus
801 3841 833 3901 fit
854 3840 890 3900 ad
911 3843 1044 3921 proetoria
1057 3861 1124 3904 oon.
