2717 4292
206 258 245 316 74
622 264 679 305 ιιιι
701 262 775 304 ιιιιι

251 395 357 454 iterum
375 395 406 453 ln
424 413 456 453 se
470 395 594 453 saeviret.
637 392 750 473 Oppius
770 413 885 486 quoque
907 394 1014 453 ductus
1034 412 1066 453 ιιι
1079 394 1198 457 vincula

251 484 303 545 est,
318 483 347 533 et
361 482 428 532 ante
438 473 543 550 judicii
557 474 634 532 diem
644 474 733 533 tinem
746 474 788 532 ibi
798 474 865 532 vitae
879 472 958 532 fecit.
986 473 1069 532 Bona
1082 473 1199 535 Claudii

251 551 395 632 Oppiique
404 554 513 612 tribuni
524 553 722 632 publicavere.
751 552 879 630 Collegae
889 571 990 611 eorum
1001 554 1097 611 exsilii
1108 574 1199 618 causa

251 634 345 691 solum
366 642 526 703 verterunt,
547 634 622 692 bona
642 632 791 710 publicata
811 641 888 690 sunt.
930 632 970 691 Et
991 632 1033 691 Μ.
1056 633 1198 693 Claudius

221 716 374 771 tassertor
401 676 545 791 virginis
571 711 618 770 die
646 712 724 771 dicta
750 711 947 782 damnatus,
938 730 1001 789 rpso
1036 713 1198 774 remittente

250 790 384 869 Virginio
395 790 528 850 ultimam
541 810 658 869 pronam
669 790 815 861 dimissus,
825 790 921 849 Tibur
934 792 1100 849 exsulatum
1112 792 1197 852 abiit:

250 889 409 947 manesque
429 866 735 949 Virginitas—mortuas
761 889 851 948 quem
871 872 947 929 vivre
969 859 1197 949 felicioris—per

249 958 290 1009 tot
310 949 408 1009 domos
422 950 458 1009 ad
482 950 619 1026 petendas
640 968 742 1027 poenas
755 950 862 1028 vagati,
884 950 967 1008 nullo
988 950 1090 1009 relicto
1106 961 1197 1023 sonte,

249 1029 366 1088 tandem
379 1030 563 1106 quieverunt.

203 1110 239 1167 10
289 1106 370 1167 LIX.
404 1108 510 1187 lugens
531 1118 625 1167 metus
649 1109 808 1167 incesserat
830 1118 935 1186 patres,
957 1107 1146 1187 vultusque
1133 1128 1197 1186 Jam

195 1220 196 1223 =
248 1186 316 1246 inde
332 1188 515 1247 tribunorum
535 1198 628 1259 erent,
649 1188 701 1264 qui
722 1186 955 1247 decemvirorum
978 1186 1103 1261 fuerant,
1127 1206 1199 1247 cum

249 1264 291 1324 M.
321 1256 484 1339 Duellius,
494 1268 628 1326 tribunus
656 1265 757 1344 plebis,
784 1266 905 1325 inhibito
931 1265 1087 1326 salubriter
1113 1266 1199 1325 modo

248 1346 346 1404 nimiae
366 1347 522 1425 potestatis,
538 1352 595 1405 “et
615 1343 801 1404 libertatis'''
792 1347 887 1423 inquit
900 1351 1040 1419 “nostrae,
1055 1355 1085 1405 et
1097 1364 1196 1423 poena-

249 1442 315 1484 rum
328 1444 366 1485 ex
378 1426 514 1499 inimicis,
530 1426 600 1485 satis
616 1434 676 1483 est:
698 1425 797 1503 itaque
811 1426 866 1484 hoc
880 1444 956 1483 anno
968 1444 1024 1483 nec
1045 1424 1123 1484 diem
1136 1425 1197 1485 dici

202 1509 238 1563 15
248 1522 387 1583 curquam
403 1523 460 1564 nec
479 1506 511 1563 in
532 1504 652 1564 vincula
665 1504 735 1563 duci
754 1523 932 1581 quemquam
945 1523 1013 1563 sum
1036 1523 1196 1581 passurus·

247 1602 317 1643 nam
341 1603 436 1662 neque
457 1594 557 1643 vetera
575 1593 698 1677 peccata
722 1585 814 1661 repeti
831 1584 894 1661 jam
917 1580 1070 1643 obliterata
1091 1583 1196 1661 placet,

247 1682 317 1721 cunr
330 1682 406 1723 nova
423 1664 539 1757 expiata
558 1665 616 1721 sint
636 1663 869 1721 decemvirorum
888 1663 1048 1741 suppliciis,
1071 1672 1100 1722 et
1123 1663 1197 1721 nihil

248 1742 439 1801 admissum
429 1742 476 1813 ιιι,
504 1742 580 1818 quod
604 1742 664 1799 vim
689 1743 875 1801 tribuniciam
898 1742 1050 1814 desideret,
1077 1741 1198 1819 spondet

248 1830 388 1898 perpetua
410 1820 565 1879 consulum
589 1821 740 1880 amborum
764 1822 795 1879 in
814 1822 946 1881 libertate
967 1832 1065 1881 vestra
1088 1821 1199 1881 tuenda

197 1898 354 1959 200u1s”
404 1900 452 1959 Ea
475 1901 602 1978 primum
623 1900 781 1960 moderatio
798 1902 909 1960 tribuni
931 1911 1042 1960 metum
1065 1900 1198 1978 patribus

247 1979 378 2073 dempsit,
393 1980 553 2059 eademque
575 1981 656 2039 ιιιιιιι
644 1980 824 2041 ιοοιιιιιιιιιιι
843 1980 1004 2039 invidiam·
994 2024 1004 2054 ,
1026 1980 1103 2058 quod
1124 1980 1198 2038 adeo

245 2060 297 2118 toti
318 2059 410 2137 plebis
429 2058 559 2131 fuissent,
584 2070 617 2119 ut
637 2069 753 2138 patrum
773 2060 876 2119 salutis
899 2059 1098 2137 libertatisque
1118 2060 1197 2132 prior

246 2138 359 2231 plebeio
379 2140 563 2217 magistratui
590 2159 681 2217 quam
704 2140 826 2217 patricio
852 2159 927 2198 cura
946 2138 1057 2210 fuisset,
1080 2147 1110 2196 et
1128 2147 1196 2197 ante

246 2217 380 2277 inimicos
393 2220 510 2277 satietas
526 2238 681 2297 poenarum
695 2238 817 2278 suarum
830 2220 962 2298 cepisset,
976 2238 1067 2296 quam
1079 2218 1196 2277 obviam

196 2295 337 2355 coituros
350 2296 476 2356 licentiae
489 2316 590 2357 eorum
605 2297 739 2357 consules
753 2309 920 2376 appareret:
945 2298 1089 2375 multique
1102 2306 1195 2368 erant,

246 2394 297 2453 qur
289 2375 428 2435 mollius
441 2377 606 2436 consultum
619 2376 759 2449 dicerent,
770 2377 846 2455 quod
857 2378 957 2455 legum
971 2378 1041 2436 sb''
1021 2397 1058 2437 us
1068 2377 1196 2437 latemur

246 2464 344 2533 patres
357 2465 490 2516 auctores
511 2456 642 2528 luissent,
656 2475 753 2535 neque
766 2467 830 2516 erat
849 2457 980 2529 dubium,
994 2458 1066 2536 quin
1079 2455 1195 2516 turbato

246 2534 415 2615 reipublice
428 2545 505 2597 statu
518 2537 640 2617 tempori
653 2537 888 2598 succubuissent.
