2717 4292
191 311 247 374 178
342 307 369 341 ‘⁸
605 329 665 371 τιτι
685 330 759 372 mvn

231 463 330 524 sulum
341 461 536 520 nuntiantium
544 458 645 538 sugam
654 461 779 519 hostium
794 459 865 518 adeo
873 459 1024 538 trepidam,
1039 469 1071 520 ut
1085 459 1180 520 taber-

231 544 346 602 naculis
359 542 501 600 stantibus
510 552 606 599 castra
614 542 802 616 reliquerint;
825 559 940 618 quoque
952 539 1022 618 fuga
1030 541 1180 600 obscurior

231 633 316 693 esset,
330 623 448 680 crebros
462 621 550 679 etiam
565 621 681 678 relictos
695 622 787 697 ignes.
830 619 948 678 Clamor
961 619 1028 678 inde
1042 631 1132 692 onus,
1148 631 1180 681 ut

231 704 316 780 signa
325 701 448 779 proferri
468 698 605 776 juberent
626 699 822 776 ducerentque
846 699 881 756 ad
903 700 1115 776 persequendos
1129 701 1179 759 ho-

203 786 289 840 hstes
303 801 340 840 ac
360 780 490 858 protinus
502 790 599 838 castra
612 779 784 854 diripienda.
825 777 865 836 Et
885 779 986 836 consul
1010 779 1083 837 alter
1098 779 1180 839 velut

232 880 309 920 unus
323 861 416 919 turbas
424 859 557 917 militaris
565 868 628 916 erat
635 878 644 930 3
667 857 778 916 Paulus
786 859 874 916 etiarn
884 867 969 934 atque
981 859 1069 916 etiam
1080 858 1179 916 dicere

231 939 439 1017 providendum
453 937 735 1016 praecavendumque
744 957 825 1016 esse:
847 951 998 1013 postremo,
1008 957 1077 1000 cum
1092 937 1179 996 aliter

230 1039 326 1096 neque
340 1018 509 1078 seditionem
521 1035 616 1094 neque
630 1016 737 1074 ducem
751 1016 898 1074 seditionis
911 1018 1054 1075 sustinere
1073 1026 1177 1094 posset,

231 1097 358 1156 Marium
380 1097 528 1155 Statilium
551 1094 721 1174 praesectum
735 1115 804 1154 cum
825 1104 922 1152 turma
942 1093 1067 1154 Lucana
1079 1097 1177 1174 explo-

184 1180 325 1237 roratum
338 1178 435 1236 mittit.
470 1176 542 1246 Qui,
556 1177 606 1233 ubi
621 1174 797 1250 adequitavit
811 1175 908 1251 portis,
922 1175 1079 1233 subsistere
1093 1186 1178 1234 extra

229 1258 409 1315 munimenta
422 1257 528 1316 ceteris
547 1255 645 1331 jussis,
661 1255 723 1331 ipse
741 1273 809 1313 cum
823 1253 935 1313 duobus
955 1255 1101 1332 equitibus
1116 1253 1177 1313 val-

228 1335 292 1394 lum
306 1335 433 1405 intrevit,
447 1335 671 1411 speculatusque
686 1335 782 1392 omnia
796 1353 865 1392 cum
880 1351 962 1390 cura.
994 1333 1177 1392 Renuntiant

228 1414 348 1473 insidias
375 1413 502 1492 profecto
528 1433 609 1472 esse:
644 1415 727 1490 ignes
754 1414 785 1470 in
812 1423 893 1489 parte
918 1422 1088 1483 castrorum,
1118 1432 1178 1491 qua

229 1503 352 1573 vergant
372 1494 409 1552 ad
423 1495 542 1563 hostem,
558 1494 692 1565 relict0s3
715 1492 905 1550 tabernacula
919 1502 1018 1570 aperta
1031 1505 1060 1550 et
1077 1493 1177 1550 omnia

183 1580 218 1633 1⁵
228 1575 340 1632 cerain
354 1583 485 1650 promptu
500 1572 610 1642 relicta,
625 1582 777 1649 argentum
792 1571 964 1649 quibusdam
978 1571 1050 1630 locis
1064 1581 1176 1630 temera

228 1671 280 1729 per
304 1655 376 1722 vias,
401 1653 448 1711 vel
472 1652 618 1727 objectum
643 1651 679 1708 ad
703 1650 840 1727 praedam,
866 1651 982 1708 vidisse.
1035 1651 1113 1717 Quae
1138 1649 1175 1708 ad

227 1732 412 1789 deterrendos
428 1751 447 1788 a
460 1731 617 1806 cupiditate
633 1731 743 1788 animos
760 1731 892 1788 nuntiata
906 1739 998 1800 erant,
1012 1751 1048 1788 ea
1070 1749 1175 1788 accen-

227 1809 349 1883 derunt3
375 1821 413 1880 et,
436 1809 563 1868 clamore
587 1819 649 1867 orto
671 1829 690 1868 a
712 1809 861 1880 militibus,
886 1810 915 1866 ni
940 1810 1056 1886 signum
1079 1809 1173 1880 detur,

227 1889 290 1948 sine
308 1889 433 1948 ducibus
451 1891 551 1959 ituros,
572 1887 800 1966 haudquaquam
822 1890 881 1947 dux
896 1887 1003 1946 defuit:
1034 1908 1103 1946 nam
1124 1908 1174 1946 ex·

179 1973 219 2028 20
227 1969 333 2046 templo
343 1967 439 2028 Varro
452 1969 570 2047 signum
584 1968 661 2026 dedit
675 1969 886 2044 proficiscendi.
928 1967 1047 2038 Paulus,
1062 1987 1131 2026 cum
1146 1969 1174 2026 ei

226 2066 281 2106 sua
293 2058 392 2126 sponte
402 2049 550 2107 cunctanti
564 2047 637 2124 pulli
651 2067 766 2125 quoque
778 2048 907 2126 auspicio
920 2067 976 2104 non
986 2047 1173 2118 addixissent,

226 2128 390 2186 obnuntiari
401 2129 463 2203 jam
477 2127 607 2185 efferenti
621 2137 703 2203 porta
716 2128 800 2202 signa
815 2126 935 2204 collegae
946 2127 1043 2203 jussit.
1085 2127 1172 2193 Quod

225 2225 403 2282 quamquam
419 2207 514 2264 Varro
528 2225 606 2283 aegre
620 2216 664 2264 est
678 2226 789 2283 passus,
805 2205 943 2264 Flaminii
958 2215 1055 2264 tamen
1069 2225 1173 2264 recens

226 2303 313 2342 casus
334 2284 509 2360 Claudiique
524 2285 652 2343 consulis
670 2286 763 2361 primo
784 2285 894 2344 Punico
919 2285 994 2342 bello
1014 2295 1174 2344 memorata

179 2364 339 2421 25navalis
353 2363 452 2422 clades
465 2363 633 2440 religionem
656 2365 752 2422 animo
771 2365 902 2422 incussit.
944 2363 994 2422 Dii
1016 2384 1102 2442 prope
1116 2366 1172 2440 ipsi

227 2462 262 2500 eo
275 2443 321 2500 die
335 2444 429 2520 magis
449 2443 587 2502 distulere
607 2463 696 2520 quam
717 2445 888 2520 prohibuere
909 2445 1108 2502 imminentem
1122 2464 1170 2521 pe-

227 2532 299 2580 stem
325 2523 481 2582 Romanis:
511 2542 580 2579 nam
609 2521 679 2580 forte
707 2524 748 2580 ita
775 2524 880 2594 evenit,
906 2535 946 2594 ut,
971 2543 1040 2582 cum
1068 2521 1172 2581 referri

225 2602 310 2679 signa
324 2604 354 2660 in
375 2614 472 2661 castra
482 2602 595 2679 jubenti
610 2602 723 2661 consuli
737 2603 843 2660 milites
856 2621 911 2660 non
933 2612 1077 2678 parerent,
1092 2603 1172 2660 servi

226 2680 292 2752 duo,
314 2681 463 2741 Formiani
487 2701 572 2751 unus,
594 2682 668 2740 alter
689 2682 811 2740 Sidicini
832 2683 945 2757 equitis,
966 2684 1026 2759 qui,
1046 2683 1172 2740 Servilio

178 2763 217 2818 30
226 2771 313 2836 atque
327 2762 419 2820 Atilio
432 2761 609 2830 consulibus,
631 2762 706 2818 inter
729 2761 912 2836 pabulatores
932 2762 1045 2837 excepti
1067 2781 1085 2819 a
1105 2760 1171 2819 Nu-

226 2839 310 2897 midis
325 2839 449 2910 fuerant,
464 2839 649 2918 profugerent
664 2860 698 2898 eo
713 2841 758 2898 die
774 2841 810 2898 ad
824 2839 969 2898 dominos:
995 2838 1170 2916 deductique

226 2918 261 2975 ad
281 2919 415 2975 consules
428 2919 570 2989 nuntiant,
584 2938 700 2977 omnem
714 2921 874 2978 exercitum
886 2919 1069 2978 'Hannibalis
1089 2930 1170 2978 trans

225 2996 369 3074 proximos
390 2987 500 3055 marites
519 2999 620 3055 sedere
644 2999 675 3055 in
695 2999 818 3057 insidiis.
859 2999 973 3058 Horum
992 3009 1170 3078 opportunus

226 3075 365 3134 adventus
399 3076 533 3134 eonsules
559 3076 674 3153 imperii
702 3088 830 3155 potentes
855 3078 932 3148 fecit,
955 3099 1024 3137 cum
1052 3079 1171 3138 ambitio

177 3155 344 3214 35alterius
365 3175 449 3214 suam
467 3157 593 3233 primum
607 3157 684 3234 apud
705 3177 754 3217 eos
775 3177 865 3236 prava
885 3158 1067 3236 indulgentia
1080 3159 1168 3235 maje-

224 3244 327 3293 statem
341 3235 482 3294 solvisset.
538 3289 541 3296 .

266 3313 374 3374 XLIII.
410 3315 568 3386 Hannibal,
593 3325 747 3393 postquam
771 3327 861 3376 motos
888 3318 981 3395 magis
1005 3315 1170 3376 inconsulte

226 3393 371 3452 Romanos
384 3415 472 3471 quam
487 3395 523 3453 ad
544 3396 679 3473 ultimum
693 3406 801 3454 temere
816 3407 932 3455 evectos
946 3397 1026 3466 vidit,
1048 3395 1168 3473 nequid-

224 3492 322 3548 quam,
345 3474 457 3532 detecta
482 3474 593 3545 fraude,
614 3477 645 3532 in
665 3485 762 3534 castra
783 3475 877 3536 rediit.
919 3475 963 3535 lbi
987 3476 1086 3552 plures
1106 3475 1169 3534 dies

176 3556 211 3608 40
224 3561 339 3626 propter
352 3553 477 3628 inopiam
487 3553 623 3611 frumenti
637 3573 755 3612 manere
764 3557 882 3630 nequit3
905 3575 1037 3632 novaque
1046 3555 1169 3614 consilia

223 3629 254 3684 in
278 3629 340 3686 dies
366 3649 423 3687 non
451 3631 528 3709 apud
556 3632 661 3691 milites
683 3634 786 3702 solum,
809 3635 913 3692 mixtos
940 3654 977 3692 ex
1003 3634 1168 3693 colluvione

223 3707 352 3763 omnium
360 3710 501 3783 gentium,
512 3711 563 3767 sed
572 3713 660 3768 etiam
669 3712 745 3787 apud
755 3712 859 3770 ducem
873 3714 978 3789 ipsum,
988 3713 1167 3771 oriebantur.

224 3780 304 3839 Nam
312 3803 381 3842 cum
394 3785 474 3844 initio
488 3787 628 3858 fremitus,
638 3790 740 3867 deinde
755 3801 855 3867 aperta
863 3790 1031 3850 vociferatio
1045 3789 1168 3850 fuissent

223 3863 440 3945 esposcentium
463 3864 637 3939 stipendium
659 3866 788 3926 debitum
815 3871 1057 3948 querentiumque
1078 3887 1166 3954 annu·
