2717 4292
197 270 256 329 144
514 250 516 254 ⁸
606 282 665 325 rrrr
685 282 759 325 mvn

247 430 290 479 pro
297 414 367 465 horte
377 430 435 464 eum
482 414 621 463 habiturum
631 414 671 477 qui
682 413 707 461 in
717 414 791 462 verba
801 428 847 461 sua
856 429 906 461 non
915 411 1037 476 jurasset3
1051 413 1179 479 effecitque

246 496 275 540 ut
290 506 374 539 omnes
388 507 438 539 non
457 492 567 539 relictum
584 490 611 538 iri
628 506 643 538 a
659 506 685 538 re
703 490 802 538 Italiam
816 489 971 552 jurejurando
988 491 1180 555 astringerentur

247 566 365 615 Preterea
381 568 562 629 trepidationem
579 567 642 615 urbis
658 572 683 614 et
699 568 801 622 luctum,
812 571 837 613 et
853 582 890 613 res
908 567 933 614 in
951 565 1072 627 Hispania
1088 569 1187 617 meliore
1219 559 1223 562 v

247 648 336 691 eventu
348 651 428 707 gestas
437 644 550 691 continet.
584 641 664 690 LVII.
682 640 779 703 Opimia
790 647 814 689 et
826 640 945 697 Floronia,
953 641 1064 689 Vestales
1074 644 1187 707 virgines,

247 718 330 767 incesti
346 720 467 767 damnata
484 725 547 766 sunt.
584 718 685 779 Propter
700 718 849 778 paucitatem
864 718 977 773 militum,
993 734 1116 767 servorum
1132 727 1189 768 octo

239 792 318 842 millia
332 802 428 845 minata
436 801 499 843 sunt.
533 793 586 851 LX,
598 793 665 841 LXI.
676 792 780 855 Captivi,
788 808 846 841 cum
857 799 962 855 potestas
972 800 1036 842 emet
1046 796 1186 853 redimendi,

246 874 362 935 redempti
373 888 422 921 non
433 878 495 920 sunt
528 872 629 918 Varroni
640 871 735 919 obviam
746 872 807 918 itum
819 876 863 927 est,
873 876 897 918 et
908 873 991 933 gratia
1003 878 1074 929 aetra,
1082 873 1145 934 quod
1156 874 1187 922 de

247 952 368 1013 republica
379 942 428 998 non
439 948 657 1011 desperaoeet-[u.
667 962 689 995 c.
701 946 822 995 535-536.
855 962 878 995 a.
890 962 912 994 c.
922 946 1053 1010 arr-2164

280 1112 304 1172 l.
326 1111 389 1171 ΕΔΜ
404 1131 455 1170 ver
475 1112 633 1189 appetebat,
646 1130 715 1169 cum
730 1110 878 1168 Hannibal
893 1130 930 1169 ex
944 1111 1072 1169 hibernis
1086 1115 1184 1184 movit,

242 1202 270 1250 et
283 1192 478 1268 nequidquam
500 1202 566 1248 ante
580 1204 702 1248 conatus
716 1190 920 1248 transcendere
938 1191 1128 1268 Apenninum
1142 1193 1184 1251 in-

241 1271 397 1330 tolerandis
412 1269 575 1352 frigeribus‚
591 1279 619 1327 et
640 1289 710 1327 cum
730 1270 841 1346 ingenti
855 1270 986 1345 periculo
1007 1281 1135 1328 moratus
1150 1292 1185 1330 ac

242 1364 332 1409 metu.
375 1350 479 1420 Gallis,
500 1368 573 1426 quos
599 1349 704 1425 praedae
725 1347 998 1425 populationumque
1019 1350 1186 1410 conciverat

212 1430 316 1507 lispes,
338 1441 488 1505 postquam
510 1447 561 1506 pro
583 1448 626 1499 eo,
648 1438 681 1485 ut
702 1429 757 1504 ipsi
779 1446 816 1485 ex
838 1427 1027 1507 alieuouagro
1050 1440 1186 1505 raperent

243 1519 428 1588 agerentque,
444 1528 513 1567 suas
526 1519 619 1566 terras
633 1507 732 1565 sedem
748 1507 817 1565 belli
838 1526 901 1565 esse
915 1509 1065 1584 premique
1080 1510 1185 1568 utrius·

242 1609 299 1667 que
320 1590 410 1665 partis
430 1588 613 1645 exercituum
634 1588 762 1644 hibernis
782 1586 922 1656 viderent,
937 1596 1088 1646 verterunt
1108 1599 1186 1649 retro

242 1670 273 1726 in
293 1667 490 1725 Hannibalem
511 1667 547 1723 ab
569 1665 708 1724 Romanis
721 1666 805 1739 odia3
828 1667 990 1743 petitusque
1010 1686 1086 1745 saepe
1108 1670 1185 1744 prin-

243 1748 352 1823 cipium
372 1745 492 1815 insidiis,
514 1746 739 1821 ipsoruminter
759 1766 790 1803 se
812 1744 923 1815 fraude,
945 1746 1046 1804 eadem
1067 1748 1184 1806 levitate
1214 1801 1221 1805 .

197 1828 231 1883 to
242 1846 300 1902 qua
314 1835 520 1883 consenserant
531 1844 703 1883 consensum
715 1824 915 1896 indicantium,
926 1836 1060 1884 servatus
1074 1837 1145 1897 erat,
1156 1837 1186 1886 et

242 1904 379 1962 mutando
409 1924 488 1963 nuno
515 1914 625 1963 vestem
652 1923 732 1962 nunc
760 1914 927 1981 tegumenta
954 1906 1065 1982 capitis,
1088 1926 1185 1964 errore

242 1986 330 2043 etiem
343 2004 406 2043 sese
422 1984 458 2042 ab
473 1983 583 2041 insidiis
603 1985 757 2041 munierat.
798 1984 937 2041 Ceterum
959 1985 1007 2042 hic
1028 2004 1143 2063 quoque
1157 1987 1186 2044 ei

241 2065 327 2122 timor
340 2083 431 2122 causa
445 2062 499 2121 luit
514 2064 655 2121 maturius
669 2063 803 2131 movendi
816 2083 853 2121 ex
866 2064 1004 2122 hibernis.

282 2143 338 2200 Per
358 2143 437 2201 idem
457 2153 571 2220 tempus
592 2143 647 2200 Cn.
673 2143 816 2200 Servilius
838 2144 939 2201 consul
968 2143 1069 2201 Romae
1090 2144 1186 2203 idibus

195 2222 232 2276 15
243 2221 356 2279 Martiis
370 2222 571 2297 magistratum
588 2223 661 2279 iniit.
704 2222 748 2280 Ibi
765 2242 833 2280 cum
848 2222 884 2279 de
901 2224 1052 2298 republica
1071 2224 1184 2282 retulis-

242 2311 294 2371 set,
315 2300 509 2377 redintegrata
527 2302 558 2358 in
579 2301 614 2359 C.
635 2302 813 2359 Flaminium
838 2301 947 2359 invidia
969 2311 1029 2361 est:
1060 2304 1132 2360 duos
1153 2323 1186 2361 se

243 2380 375 2438 consules
395 2398 521 2451 creasse,
541 2398 633 2437 unum
653 2381 894 2457 haberet—quod
914 2382 992 2439 euim
1012 2382 1056 2439 illi
1073 2383 1190 2459 justum

243 2460 406 2538 imperium,
420 2458 497 2536 quod
518 2460 681 2536 auspicium
695 2459 782 2518 esse?
826 2460 1014 2538 Magistratus
1027 2462 1055 2519 id
1071 2481 1088 2519 a
1102 2462 1187 2520 domo

213 2598 215 2602 ,
242 2540 407 2617 -publicis
427 2540 603 2617 privatisque
624 2538 929 2616 penatibus-Latinis
950 2539 1030 2598 seriis
1044 2542 1125 2610 actis,
1140 2558 1197 2599 sa·⁴

194 2622 233 2676 20
244 2620 354 2679 orificio
366 2621 397 2678 in
409 2629 503 2677 monte
514 2619 650 2697 perfecto,
663 2620 736 2677 votis
749 2621 802 2677 rite
815 2620 847 2676 in
857 2619 998 2696 Capitolio
1010 2622 1187 2697 nuncupatis

243 2718 343 2757 secum
359 2699 452 2769 ferre:
472 2718 528 2757 nec
541 2700 687 2776 privatum
701 2699 831 2775 auspicia
844 2700 936 2774 sequi,
945 2718 1000 2756 nec
1014 2700 1077 2757 sine
1091 2701 1187 2776 auspi.

244 2780 297 2836 ciis
316 2778 475 2855 profectum
490 2780 520 2834 in
539 2788 658 2835 externo
672 2798 708 2835 ea
721 2779 781 2837 solo
795 2796 870 2835 nova
888 2787 974 2854 atque
993 2779 1106 2855 integra
1120 2798 1186 2836 con-

244 2858 341 2933 cipere
352 2876 444 2935 posse.
479 2857 636 2935 Augebant
647 2868 757 2915 metum
768 2857 898 2934 prodigia
908 2876 945 2914 ex
956 2858 1088 2934 pluribus
1098 2858 1186 2915 simul

244 2935 315 2992 locis
329 2937 477 2993 nuntiata:
499 2936 530 2992 in
544 2936 646 2993 Sicilia
659 2937 799 2994 militibus
813 2937 922 3012 aliquot
935 2938 1058 3013 spicula,
1074 2938 1105 2995 in
1118 2937 1186 2995 Sar·

198 3017 233 3071 25
244 3013 322 3071 dinia
336 3024 433 3072 autem
444 3011 568 3071 inmuro
582 3015 775 3074 circumeunti
786 3016 901 3092 vigilias
915 3017 1005 3091 equiti
1019 3018 1186 3093 scipionem,

244 3112 331 3169 quem
356 3097 445 3151 manu
469 3103 608 3165 tenuerat,
635 3095 748 3166 arsisse,
773 3105 802 3153 et
825 3095 910 3152 litora
936 3096 1047 3153 crebris
1070 3097 1188 3174 ignibus

245 3172 368 3241 fulsisse,
380 3181 408 3231 et
421 3183 505 3231 scuta
519 3172 576 3231 duo
589 3175 731 3252 sanguine
745 3174 874 3245 sudasse,
885 3184 915 3233 et
928 3174 1034 3233 milites
1048 3175 1188 3251 quosdam

243 3255 315 3311 ictos
328 3250 508 3323 fulminibus,
523 3262 552 3310 et
565 3252 632 3311 solis
646 3254 745 3312 orbem
758 3256 851 3312 minui
866 3255 978 3312 visum:
999 3264 1028 3312 et
1042 3255 1188 3312 Praeueste

245 3332 379 3392 ardentes
391 3333 501 3410 lapides
520 3332 591 3391 caelo
606 3334 765 3408 cecidisse3
788 3345 817 3392 et
831 3334 921 3411 Arpis
941 3352 1057 3411 parmas
1070 3335 1100 3392 in
1115 3334 1189 3391 caelo

197 3414 322 3470 aovisas
346 3424 581 3490 pugnantemque
603 3409 672 3471 eum
695 3413 766 3471 luna
787 3413 895 3486 solem3
918 3424 947 3472 et
967 3412 1093 3490 Capeuae
1114 3413 1189 3471 duas

246 3492 368 3549 interdiu
392 3493 477 3550 lunas
498 3503 585 3562 ortae,
608 3502 636 3549 et
658 3499 749 3569 aquas'
764 3493 897 3567 'Caeretes
917 3494 1060 3569 sanguine
1082 3494 1189 3549 mixtas
1291 3500 1294 3511 '

245 3572 372 3643 fluxisse,
402 3571 566 3647 fontemque
593 3573 689 3649 ipsum
723 3572 863 3630 Herculis
890 3573 1020 3629 cruentis
1054 3590 1189 3629 manasse

244 3668 409 3727 respersum
424 3652 565 3723 maculis3
588 3661 617 3710 et
638 3652 721 3710 Antii
736 3649 908 3711 metentibus
926 3661 1063 3709 cruentas
1080 3652 1112 3707 in
1126 3668 1189 3707 cor-

245 3729 311 3785 bem
338 3731 434 3806 spicas
467 3729 608 3789 cecidisse
620 3751 630 3804 ς
665 3740 695 3790 et
721 3730 846 3790 Faleriis
873 3730 978 3790 caelum
1005 3730 1076 3788 lindi
1108 3729 1190 3787 velut

198 3808 235 3863 bb
245 3823 350 3883 magno
369 3808 450 3867 hiatu
464 3810 570 3878 visum,
584 3829 701 3889 quaque
718 3811 852 3888 patuerit,
867 3809 1092 3889 iugenslumen
1105 3807 1187 3868 efful-
