2717 4292
1064 107 1114 181 ν.

481 339 569 380 amsa
589 339 664 380 xm.
705 339 771 380 car.
792 341 819 381 a.
1089 323 1147 386 183

148 471 243 542 vietor
270 467 398 540 advenit,
427 469 729 552 praesidiis-firment:
764 471 899 549 privatim
927 473 967 541 Q.
996 469 1097 548 Fabio,

148 549 307 608 AEmilium
322 561 534 626 praeoeptorum
549 550 613 626 ejus
627 566 784 607 memorem
795 561 824 608 et
839 551 945 611 vixisse
960 552 1055 612 adhue
1069 563 1099 614 et

148 630 241 687 mori:
264 640 372 687 memet
386 631 416 685 in
431 630 487 686 hae
502 638 598 706 strage
610 629 735 687 militum
750 649 880 687 meorum
891 642 990 708 patere
1004 635 1097 712 exspi.

147 727 226 778 rare,
241 727 278 765 ne
300 719 351 765 aut
372 727 441 764 reus
465 709 572 765 iterum
590 728 607 766 e
627 707 781 766 consulatu
800 711 865 780 sim,
881 722 931 769 aut
945 726 1100 771 accusator

148 787 273 864 eollegae
294 789 442 857 exsistam,
464 797 496 843 ut
521 787 615 844 alieno
635 788 758 844 crimine
786 789 980 848 innocentiam
1003 797 1127 851 meam5

147 865 335 945 protegam.''
376 866 451 925 Haeo
466 867 616 944 exigentes
636 867 718 943 prius
733 868 818 924 turba
840 867 1013 946 fugientium
1028 872 1098 929 eivi-

148 965 210 1015 um,
225 944 329 1003 deinde
345 945 449 1014 hostes,
465 963 650 1021 oppressere:
672 946 823 1003 consulem
842 948 1017 1025 ignorantes,
1033 951 1099 1025 quis

148 1034 236 1095 esset,
258 1025 382 1081 obruere
406 1024 481 1092 telis,
503 1023 664 1082 Lentulum
687 1025 763 1082 inter
785 1027 945 1085 tumultum
973 1025 1099 1106 abripuit

147 1123 255 1181 equus.
309 1103 389 1161 Tum
412 1102 540 1179 undique
564 1102 655 1161 effuse
681 1103 807 1182 fugiunt.
862 1106 981 1183 Septem
1004 1108 1098 1166 millia

147 1184 300 1242 hominum
315 1184 345 1238 in
360 1184 472 1240 minora
485 1192 591 1251 castra,
601 1182 704 1240 decem
717 1185 747 1240 in
762 1183 880 1260 majora,
890 1185 1052 1244 duoferme
1067 1188 1146 1248 inlu

147 1263 250 1320 vicum
270 1264 364 1338 ipsum
379 1262 495 1320 Cannas
508 1260 708 1339 perfugerant,
724 1263 774 1337 qui
788 1265 931 1341 extemplo
946 1284 964 1322 a
977 1265 1097 1324 Cartha-

148 1342 215 1400 lone
244 1349 330 1417 atque
358 1341 513 1417 equitibus,
536 1340 617 1398 nullo
641 1341 819 1398 munimento
845 1351 960 1419 tegente
988 1345 1097 1415 vicum,

147 1421 343 1480 circumventi
367 1429 444 1478 sunt.
497 1419 605 1478 Consul
630 1419 712 1490 alter,
730 1437 783 1476 seu
808 1417 879 1478 forte
903 1441 955 1479 seu
979 1424 1098 1481 oonsilio

147 1500 224 1557 nulli
247 1498 421 1576 fugientium
446 1501 572 1557 insertus
597 1500 715 1577 agmini,
738 1517 806 1556 oum
830 1501 1013 1578 septuaginta
1037 1501 1098 1561 fere

147 1580 296 1656 equitibus
305 1578 468 1636 Venusiam
482 1577 619 1654 perfugit.
643 1577 848 1654 Quadraginta
862 1580 991 1655 quinque
1005 1579 1098 1638 millia
1110 1586 1147 1641 15

147 1659 300 1736 quingenti
321 1659 440 1734 pedites,
455 1657 513 1714 duo
533 1658 626 1714 millia
645 1658 819 1734 septingenti
834 1658 954 1733 equites,
970 1668 998 1717 et
1018 1669 1098 1718 tanta

147 1757 237 1815 prope
261 1739 371 1796 oivium
395 1738 597 1812 sociorumque
621 1755 698 1812 pars,
722 1737 791 1794 oaesi
813 1736 968 1796 dicuntur:
997 1739 1028 1796 in
1053 1739 1098 1798 his

148 1819 235 1874 ambo
250 1817 404 1875 consulum
418 1825 583 1893 quaestores,
598 1814 636 1874 L.
653 1817 764 1874 Atilius
785 1825 813 1874 et
827 1815 864 1874 L.
881 1817 991 1876 Furius
1011 1817 1096 1876 Biba-

147 1897 246 1966 aulus,
262 1907 291 1954 et
304 1897 407 1973 viginti
422 1914 499 1953 unus
512 1895 621 1953 tribuni
642 1896 777 1965 rnilitum,
792 1897 961 1955 consulares
980 1898 1097 1973 quidam

147 1977 334 2053 praetoriique
349 1985 377 2032 et
391 1975 622 2032 aedilicii—inter
635 1995 684 2032 eos
698 1976 752 2033 Cn.
765 1975 923 2033 Servilium
939 1975 1096 2034 Geminum
1107 1983 1146 2038 20

147 2065 177 2112 et
197 2053 239 2111 M.
256 2054 421 2112 Minucium
442 2063 605 2123 numerant,
620 2054 671 2129 qui
693 2053 831 2130 magister
852 2056 981 2131 equitum
1002 2057 1096 2133 priore

148 2153 225 2192 anno
240 2134 349 2209 aliquot
363 2133 447 2191 annis
458 2141 523 2190 ante
537 2133 638 2190 eonsul
653 2131 942 2212 fuerat-octoginta
956 2145 1097 2211 praeterea

149 2222 200 2270 aut
213 2223 362 2270 senatores
383 2221 434 2270 aut
448 2212 499 2289 qui
519 2228 568 2268 eos
588 2213 774 2288 magistratus
794 2215 959 2290 gessissent,
975 2215 1051 2272 unde
1066 2215 1096 2272 in

148 2302 283 2350 senatum
297 2291 357 2370 legi
371 2291 516 2359 deberent,
532 2308 600 2349 oum
614 2311 669 2348 sua
684 2291 829 2350 voluntate
844 2293 950 2352 milites
964 2294 993 2351 in
1008 2294 1095 2372 legio-

148 2373 236 2428 nibus
251 2369 321 2428 facti
331 2380 436 2428 essent.
478 2370 570 2449 Capta
584 2391 618 2428 eo
632 2370 735 2447 proelio
749 2373 805 2428 tria
819 2373 911 2429 millia
925 2371 1053 2449 peditum
1068 2383 1096 2432 et
1106 2377 1145 2432 25

148 2452 263 2528 equites
284 2450 365 2508 mille
387 2459 415 2507 et
429 2450 581 2527 quingenti
601 2450 749 2506 dicuntur.
792 2449 828 2507 L.
846 2449 919 2508 Haeo
934 2461 976 2508 est
997 2470 1095 2528 pugna

148 2528 321 2599 Cannensis,
337 2529 453 2586 Aliensi
474 2529 551 2586 eladi
573 2528 720 2585 nobilitata
748 2546 809 2604 par,
825 2538 955 2586 ceterum
974 2539 1006 2586 ut
1027 2529 1094 2600 illis,

148 2629 215 2686 quaa
242 2618 306 2685 post
332 2627 462 2685 pugnam
489 2607 631 2675 accidere,
657 2607 758 2676 levior,
786 2607 855 2682 quia
882 2607 918 2664 ab
946 2607 1025 2664 hoste
1053 2617 1096 2666 est

148 2699 305 2757 cessatum,
320 2689 364 2745 sio
384 2697 481 2766 strage
503 2687 649 2744 exercitus
666 2686 783 2762 gravior
797 2683 967 2762 soediorque.
1009 2685 1096 2764 Fuga

148 2787 276 2844 namque
299 2767 336 2824 ad
360 2767 461 2823 Aliam
489 2767 566 2824 sieut
593 2766 696 2822 urbem
720 2764 850 2842 prodidit,
873 2764 913 2822 ita
934 2767 1145 2828 exercitumflO

149 2848 294 2904 servavit:
316 2847 352 2904 ad
366 2845 483 2904 Cannas
504 2845 663 2922 fugientem
684 2844 834 2903 consulem
848 2845 897 2902 vix
911 2847 1096 2924 septuaginta

149 2927 243 2984 secuti
258 2935 334 2995 sunt,
350 2926 469 2983 alterius
483 2925 629 2982 morientis
644 2943 731 3001 prope
746 2933 822 2982 totus
836 2926 982 2985 exercitus
997 2926 1060 2985 fuit.
1092 2955 1093 2958 ¹

189 3006 274 3063 Binis
288 3007 319 3062 in
334 3005 436 3062 castris
450 3023 519 3061 oum
540 3004 693 3061 multitudo
708 3005 869 3062 semiermis
887 3006 950 3064 sine
970 3006 1095 3066 ducibus

149 3091 236 3159 esset,
261 3085 406 3152 nuntium,
431 3084 481 3159 qui
508 3084 540 3140 in
567 3083 725 3159 majoribus
759 3093 850 3154 erant,
874 3087 999 3157 mittunt,
1025 3087 1095 3146 dum

150 3164 297 3239 proelium,
312 3162 415 3220 deinde
430 3182 466 3219 ex
481 3163 581 3221 laetitia
594 3162 690 3239 epulis
705 3163 838 3241 fatigatos
853 3164 936 3241 quies
950 3174 1094 3230 nocturna
1106 3171 1144 3226 35

150 3242 246 3326 hostes
267 3252 420 3318 premeret,
436 3250 468 3300 ut
489 3241 525 3300 ad
542 3262 573 3300 se
591 3243 764 3300 transirent:
787 3262 844 3299 uno
867 3245 983 3320 agmine
997 3234 1098 3302 Canu-⁸

149 3321 226 3379 sium
241 3322 369 3378 abituros
383 3341 457 3379 esse.
494 3321 571 3379 Eam
581 3322 754 3379 sententiam
769 3321 818 3378 alii
829 3329 916 3378 totam
928 3324 1094 3398 aspernari:

149 3419 206 3459 eur
226 3401 305 3458 enim
325 3402 398 3470 illos,
413 3401 464 3478 qui
485 3421 516 3459 se
541 3411 699 3471 arcessant,
721 3402 797 3476 ipsos
820 3418 876 3456 non
898 3401 1006 3471 venire,
1025 3421 1095 3459 oum

148 3498 233 3556 aeque
258 3481 398 3557 conjungi
421 3480 556 3557 possent?
606 3480 687 3546 Quia
709 3478 844 3536 videlieet
864 3479 950 3555 plena
971 3479 1095 3540 hostium

148 3561 247 3617 omnia
260 3560 291 3617 in
306 3559 400 3617 medio
414 3568 518 3628 essent,
533 3569 561 3618 et
575 3559 700 3616 aliorum
714 3576 802 3634 quam
816 3576 870 3615 sua
884 3576 1003 3635 corpora
1017 3569 1095 3618 tanto
1106 3566 1144 3622 40

148 3639 281 3716 periculo
295 3638 417 3696 mallent
425 3639 562 3715 objicere.
605 3637 684 3694 Aliis
698 3655 754 3694 non
769 3646 829 3694 tam
842 3638 984 3694 sententia
998 3638 1094 3716 displi-
1173 3639 1176 3644 ’

149 3737 227 3788 aere,
249 3738 339 3794 quam
362 3719 477 3776 animus
498 3717 607 3775 deesse.
661 3716 695 3773 P.
718 3715 906 3792 Sempronius
929 3717 1097 3778 Tuditanus

148 3797 284 3856 tribunus
305 3797 440 3866 militum,
456 3802 474 3832 “
484 3797 549 3872 oapi
564 3815 634 3873 ergo
648 3793 816 3865 mavultis,''
831 3795 933 3874 inquit,
950 3799 1014 3856 “ab
1028 3817 1095 3859 ava·

147 3876 263 3934 rissimo
284 3886 313 3934 et
334 3876 535 3938 crudelissimo
554 3875 644 3945 hoste,
658 3876 853 3952 aestimarique
873 3878 971 3955 capita
989 3888 1095 3950 vestra,
