2717 4292
192 327 230 391 78
411 364 413 369 .
613 338 672 380 τιτι
694 338 769 381 mvn

239 490 275 530 ae
289 482 382 529 terras
392 470 542 541 misceant,
552 487 607 527 our
617 471 647 527 in
658 489 705 528 me
716 470 841 548 impetus
854 470 938 530 modo
949 490 1031 549 paene
1041 474 1072 530 in
1082 483 1186 535 senatu

238 552 275 609 ait
297 548 400 621 faetus,
416 559 521 627 negent
535 569 566 607 se
588 550 723 607 manibus
743 561 953 627 temperaturos
970 552 1186 631 violaturosque

238 630 407 689 denuntient
421 638 635 687 sacrosanctam
650 630 841 707 potestatem?
882 630 914 687 Si
929 632 1033 707 populo
1054 632 1187 693 Romano

238 710 364 769 liberum
393 710 564 787 suffragium
588 710 682 779 datur,
706 719 747 778 ut,
770 710 876 785 quibus
897 712 976 780 velit,
1001 713 1187 771 consulatum

210 790 364 859 5mandet,
380 799 408 847 et
428 808 484 846 nou
500 789 666 866 praeciditur
680 808 745 866 spes
759 789 871 866 plebeio
885 793 1066 866 quoque—si
1080 792 1187 869 dignus

239 888 352 927 summo
367 870 472 926 honore
493 868 736 944 erit-apiscendi
756 870 864 925 summi
878 869 1003 939 honoris,
1018 881 1095 928 stare
1117 872 1188 929 urbs

238 949 302 1007 haee
325 967 381 1005 non
400 948 524 1024 poterit?
566 945 611 1005 De
634 948 754 1025 imperio
779 958 877 1004 aetum
899 949 964 1005 esti
1006 949 1046 1007 Et
1067 950 1188 1027 perinde

238 1027 294 1085 hoo
308 1027 387 1085 valet
402 1027 611 1104 “plebeiusne
631 1027 732 1084 consul
753 1026 825 1085 tiat''
841 1036 990 1104 tamquam
1003 1048 1122 1087 servum
1137 1039 1189 1088 aut

238 1104 406 1164 libertinum
422 1107 527 1182 aliquis
541 1106 693 1163 consulem
705 1105 835 1164 futurum
849 1106 950 1165 dicat?
992 1107 1108 1184 Ecquid
1123 1126 1187 1165 sen-

192 1190 229 1247 10
238 1186 306 1256 titis,
321 1186 351 1243 in
375 1195 483 1261 quanto
506 1194 672 1263 contemptu
696 1185 823 1243 vivatis?
875 1185 969 1244 Lucis
993 1188 1074 1245 vobis
1098 1187 1189 1263 hujus

238 1274 360 1343 partem,
370 1266 395 1323 si
409 1264 505 1336 liceat,
521 1264 665 1323 adimant:
687 1264 764 1341 quod
777 1265 903 1342 spiratis,
918 1265 993 1340 quod
1008 1285 1111 1324 vocem
1124 1267 1188 1324 mit-

238 1345 307 1415 titis,
331 1344 407 1421 quod
431 1342 537 1402 formas
559 1344 709 1401 hominum
733 1344 854 1414 habetis,
879 1344 1085 1421 indignantur:
1116 1346 1190 1422 quin

239 1423 392 1482 etiam—si
404 1423 447 1481 dis
461 1422 681 1501 placet-nefas
695 1424 776 1481 aiunt
790 1443 862 1495 essa,
878 1424 1028 1483 consulem
1043 1424 1190 1501 plebeium

239 1503 313 1561 fieri.
357 1502 486 1561 Obsecro
506 1522 569 1573 vos,
584 1504 609 1560 si
629 1522 687 1560 nou
708 1502 745 1560 ad
766 1502 862 1573 fastos,
877 1522 933 1560 non
956 1503 992 1560 ad
1013 1513 1189 1561 commenta-

114 1582 115 1585 ’
192 1588 228 1643 15
239 1584 297 1641 rios
311 1583 481 1660 pontificum
502 1583 787 1652 admittimur,—nec
801 1602 837 1639 ea
850 1582 968 1658 quidem
988 1584 1107 1653 seimus,
1122 1602 1190 1659 quae

239 1682 338 1720 omnes
359 1662 506 1737 peregrini
526 1663 614 1719 etiam
635 1663 742 1731 sciunt,
757 1662 892 1719 eonsules
913 1662 944 1718 in
965 1662 1062 1720 locum
1084 1681 1190 1740 regum

239 1742 424 1809 successisse,
436 1759 493 1797 neo
507 1750 557 1798 aut
568 1740 645 1817 juris
661 1752 712 1798 aut
726 1740 885 1815 majestatis
898 1740 1058 1818 quidquam
1072 1742 1190 1812 habere,

239 1820 314 1895 quod
340 1838 397 1876 non
419 1820 448 1875 in
471 1820 589 1896 regibus
611 1829 677 1877 ante
696 1818 806 1877 fueritl
848 1820 896 1877 En
921 1838 1051 1897 unquam
1073 1820 1193 1879 creditis

241 1896 326 1955 fando
348 1898 478 1955 auditum
499 1918 572 1969 esse,
594 1898 726 1957 Numam
748 1899 923 1977 Pompilium
944 1918 1002 1957 non
1025 1899 1108 1957 modo
1132 1919 1191 1958 nou

191 1984 230 2039 20
240 1979 404 2055 patricium,
426 1976 476 2035 sed
500 1996 538 2035 ne
562 1978 657 2036 civem
682 1978 799 2054 quidem
825 1978 999 2047 Romanurn,
1021 1999 1058 2037 ex
1083 1979 1193 2038 Sabino

241 2076 311 2135 agro
336 2058 472 2126 accitum,
494 2057 592 2134 populi
612 2056 707 2133 jussu,
730 2058 859 2133 patribus
884 2059 1062 2128 auctoribus,
1089 2052 1193 2117 Romae

240 2136 401 2212 regnasse?
443 2135 480 2194 L.
505 2136 609 2194 deiude
632 2137 837 2213 Tarquinium,
855 2156 913 2195 non
936 2137 1020 2194 modo
1040 2137 1191 2208 Romanae,

242 2214 291 2272 sed
306 2234 343 2272 ne
358 2214 468 2273 Italicae
488 2215 604 2291 quidem
625 2213 912 2293 gentis-Demarati
933 2216 1075 2274 Corinthii
1096 2218 1192 2274 filium

240 2293 406 2350 -inoolam
438 2295 475 2350 ab
506 2293 686 2370 Tarquiniis,
708 2296 782 2352 vivis
802 2296 902 2353 liberis
923 2296 1011 2365 Anci,
1030 2315 1130 2373 regem
1151 2295 1193 2353 fa·

191 2372 344 2433 25etuml
380 2372 515 2430 Servium
530 2372 664 2431 Tullium
685 2384 746 2450 post
760 2374 849 2445 huno,
865 2376 981 2452 captiva
995 2374 1194 2434 Corniculana

226 2461 467 2529 ‘natum-patre
498 2452 589 2523 nulla,
615 2462 707 2510 matre
735 2454 986 2531 serva-iugenio,
1013 2455 1120 2512 virtute
1148 2473 1192 2513 re-

149 2598 151 2601 ,
241 2550 333 2609 gnum
354 2531 503 2589 tenuisset
545 2531 624 2598 Quid
646 2533 724 2589 enim
739 2532 775 2589 de
796 2532 835 2590 T.
851 2532 938 2591 Tatio
959 2533 1067 2591 Sabino
1083 2533 1191 2604 dicam,

242 2630 330 2687 quem
345 2612 405 2689 ipse
421 2611 573 2682 Romulus,
589 2630 694 2688 parens
713 2612 802 2681 urbis,
818 2614 849 2668 in
862 2614 1032 2670 societatem
1046 2614 1129 2691 regni
1143 2632 1192 2672 ac-

243 2691 341 2768 cepit?
383 2691 472 2769 Ergo,
488 2691 557 2747 dum
572 2692 687 2747 nullum
706 2690 852 2748 fastiditur
864 2710 968 2768 genus,
984 2692 1014 2748 in
1029 2711 1087 2768 quo
1101 2694 1191 2750 enite-

194 2772 288 2829 80ret
308 2771 409 2839 virtus,
431 2770 524 2827 crevit
547 2771 703 2846 imperium
731 2769 906 2827 Romanum.
948 2770 1088 2829 Paeniteat
1112 2789 1193 2829 nunc
1286 2802 1292 2812 ⁸

243 2867 294 2905 vos
305 2847 409 2924 plebeii
424 2848 640 2917 camulianum
655 2849 779 2924 majores
792 2850 881 2906 nostri
896 2848 1023 2906 advenas
1037 2868 1122 2927 reges
1135 2869 1193 2909 non

244 2924 425 2995 fastidierint,
436 2935 465 2983 et
475 2944 512 2983 ne
524 2926 641 3004 regibus
649 2928 768 3002 quidem
779 2928 890 2986 exactis
904 2928 1006 2985 clausa
1021 2929 1091 2987 urbs
1106 2927 1195 2988 fuerit

244 3005 405 3082 peregrinae
427 3005 551 3063 virtutil
592 3005 746 3063 Claudiam
770 3017 850 3065 certe
872 3016 999 3084 gentem,
1021 3017 1085 3084 post
1108 3026 1194 3085 reges

244 3094 370 3153 exactos,
386 3102 423 3142 ex
438 3083 554 3142 Sabinis
567 3103 623 3142 nou
638 3086 668 3142 in
682 3074 830 3143 oiv'itatem
852 3086 935 3144 modo
950 3088 1127 3163 accepimus,
1142 3086 1195 3146 sed

195 3168 234 3223 35
244 3164 332 3221 etiam
354 3164 385 3220 iu
408 3164 594 3239 patriciorum
616 3183 782 3222 numerum.
825 3165 872 3223 Ex
896 3168 1087 3243 peregrinone
1108 3169 1194 3243 patri-

245 3244 318 3313 cius,
334 3242 437 3301 deinde
462 3243 563 3301 consul
586 3244 752 3302 fiat-civis
774 3244 925 3302 Romanus
945 3247 970 3302 si
991 3246 1028 3303 sit
1049 3265 1085 3303 ex
1100 3246 1194 3321 plebe,

245 3324 367 3399 praecisa
380 3323 548 3381 consulatus
566 3343 631 3400 spes
645 3324 723 3381 eritl
764 3323 871 3383 Utrum
892 3324 1009 3381 tandem
1023 3344 1080 3381 non
1102 3326 1195 3382 credi.

245 3421 310 3460 mus
331 3403 395 3459 fieri
417 3420 508 3477 posse,
523 3413 555 3461 ut
576 3404 621 3459 vir
642 3402 723 3460 fortis
744 3422 780 3460 ac
800 3413 946 3472 strenuus,
963 3423 1036 3480 pace
1058 3404 1194 3480 belloque

170 3500 172 3505 ’
245 3483 345 3551 bonus,
360 3500 397 3539 ex
420 3481 512 3557 plebe,
533 3482 569 3539 sit
590 3481 708 3552 Numae,
732 3481 769 3540 L.
795 3481 967 3559 Tarquinio,
991 3483 1056 3539 Ser.
1083 3481 1195 3558 Tullio,

198 3562 364 3619 absimilis:
387 3579 433 3630 an,
449 3579 485 3618 ne
501 3562 526 3618 si
546 3562 582 3618 sit
596 3560 722 3637 quidem,
738 3560 775 3618 ad
788 3562 991 3637 gubernacula
1005 3562 1048 3618 rei
1070 3562 1197 3639 publicai

246 3639 386 3695 accedere
401 3658 469 3696 eum
484 3652 636 3715 patiemur,
653 3641 804 3716 potiusque
824 3639 1197 3699 decemviris-teterrimis

245 3716 420 3786 mortalium,
442 3720 492 3794 qui
516 3729 613 3776 tamen
637 3737 737 3775 omues
760 3737 797 3775 ex
822 3720 954 3795 patribus
981 3729 1197 3795 erant—quam

246 3794 360 3871 optimis
382 3813 486 3872 regum
505 3800 587 3855 novis
610 3797 783 3866 hominibus,
805 3798 917 3855 similes
939 3798 1074 3857 eonsules
1092 3817 1198 3858 sumus

246 3871 373 3933 habituri
382 3872 418 3932 l''
459 3872 513 3933 IV.
536 3882 555 3911 ‘⁶
564 3877 607 3935 At
620 3876 769 3933 enimvero
782 3894 877 3948 nemo,
892 3886 956 3956 post
968 3896 1055 3957 reges
1067 3887 1196 3954 exactus,
