2717 4292
491 279 580 321 nasa
600 280 675 323 1111.
717 281 783 321 cnr.
798 282 862 322 nv.
1114 274 1172 335 155

166 412 314 490 promisse
338 411 428 470 rebus
449 409 639 484 affirmarent,
658 410 823 489 jussusque,
844 432 915 473 cum
942 413 1077 492 pluribus
1105 425 1135 475 et

169 493 320 570 aliquibus
340 492 509 569 principum
531 492 626 549 redire
641 491 678 549 ad
698 512 739 562 se,
754 492 873 550 dlmisit.
915 492 982 570 lpse
1002 494 1127 572 imperat

168 571 248 644 duci,
267 581 298 653 ut
312 592 345 633 se
362 572 393 627 in
411 590 517 648 agrum
539 571 707 629 Casinatem
726 572 824 643 ducat,
839 572 960 631 edoctus
980 594 998 631 a
1018 576 1121 651 peritis

168 654 335 731 regionum,
351 652 460 709 sicum
480 652 588 709 saltum
609 661 790 728 occupasset,
805 654 917 711 exitum
937 653 1071 713 Romano
1084 655 1123 713 ad

167 752 253 811 opem
269 731 418 790 ferendam
440 732 527 788 sociis
547 732 787 789 interclusurum.
829 732 888 791 Sed
909 733 1054 791 Punicum
1075 734 1154 791 abd

165 811 292 870 horrens
313 812 350 869 ab
371 808 480 869 Latino
498 811 623 881 nomine,
638 810 803 868 Casilinum
823 831 875 889 pro
891 812 998 870 Casino
1018 813 1078 871 dux
1092 823 1125 872 ut

167 893 328 969 acciperet,
341 889 410 948 lecit
421 910 430 963 3
454 908 633 966 aversusque
648 890 685 947 ab
699 910 753 949 suo
766 892 879 962 itinere,
892 911 944 969 per
957 891 1123 950 Allifanum

167 971 398 1048 calatinumque
420 978 449 1028 et
470 970 615 1028 Calenum
637 988 742 1047 agrum
764 972 795 1027 in
815 990 952 1049 campum
972 971 1124 1030 Stellatem

168 1050 330 1110 descendit.
387 1048 445 1109 Ubi
470 1068 539 1107 cum
563 1050 709 1107 montibus
735 1051 962 1129 fluminibusque
990 1051 1124 1110 clausam

169 1131 321 1208 regionem
342 1128 606 1206 circumspexisset,
621 1140 759 1187 vocatum
778 1131 883 1189 ducem
905 1141 1121 1209 percunctatur,
1135 1131 1170 1187 1⁰

168 1211 220 1269 ubi
242 1220 389 1269 terrarum
408 1219 494 1267 esset.
536 1209 612 1267 Cum
636 1210 662 1267 is
684 1210 806 1268 Casilini
827 1231 862 1269 eo
883 1210 930 1269 die
952 1230 1122 1270 mansurum

167 1310 238 1350 eum
251 1290 380 1360 dixisset,
395 1300 458 1347 tum
479 1286 597 1346 demum
619 1290 752 1367 cognitus
772 1300 816 1348 est
829 1309 918 1361 error,
933 1302 962 1350 et
982 1291 1123 1349 Casinum

166 1370 256 1448 longe
277 1370 344 1427 indo
367 1370 425 1427 alia
445 1369 564 1446 regione
580 1388 662 1425 esse:
684 1369 834 1446 virgisque
855 1388 931 1427 caso
951 1370 1026 1427 duce
1043 1381 1073 1428 et
1086 1371 1122 1428 ad

166 1450 351 1526 reliquorum
364 1458 506 1507 terrorem
527 1449 558 1504 in
573 1466 693 1506 crucem
707 1447 829 1518 sublato,
844 1450 949 1506 castris
963 1452 1122 1508 communi-

167 1530 213 1600 tis,
230 1529 434 1587 Maharbalem
449 1547 519 1586 cum
540 1528 687 1604 equitibus
708 1528 738 1585 in
753 1546 858 1605 agrum
875 1527 1036 1585 Falernum
1051 1548 1121 1605 prae-
1135 1529 1172 1583 15

167 1610 270 1667 datum
285 1608 403 1667 dimisit.
445 1607 547 1684 Usque
563 1607 599 1665 ed
613 1626 705 1683 aquas
719 1607 913 1665 Sinuessanas
927 1609 1073 1684 populatio
1087 1627 1123 1665 ea

167 1690 317 1768 pervenit:
350 1690 498 1766 ingentem
526 1687 649 1757 cladem,
672 1685 774 1764 fugam
800 1697 899 1745 tamen
923 1699 1123 1763 terroremque

167 1770 259 1827 latius
273 1768 413 1827 Numidae
429 1767 584 1826 lecerunt:
605 1786 661 1824 nec
675 1777 773 1825 tamen
787 1768 813 1824 is
826 1777 926 1837 terror,
942 1786 1011 1824 cum
1025 1768 1123 1825 omnia

166 1848 246 1908 bello
260 1850 428 1927 flagrarent,
444 1847 501 1905 fide
516 1848 608 1905 socios
622 1847 750 1918 dimovit,
766 1846 902 1905 videlicet
916 1848 985 1923 quia
1002 1847 1081 1923 justo
1094 1857 1124 1906 ct
1152 1856 1159 1865 “

167 1930 317 1987 moderato
332 1928 509 2006 regebantur
529 1928 659 2003 imperio,
673 1946 729 1985 nec
751 1928 925 1997 abnuebant,
939 1927 1015 2003 quod
1030 1945 1122 1985 unum
1132 1927 1172 1982 20

167 2009 324 2067 vinculum
339 2008 407 2065 fidei
421 2016 474 2078 est,
490 2007 657 2075 melioribus
672 2025 785 2083 parere.

210 2088 294 2147 XIV.
315 2087 357 2147 Ut
377 2106 455 2157 vero,
471 2096 623 2164 postquam
645 2087 682 2143 ad
701 2085 884 2143 Vulturnum
902 2088 1011 2144 flumen
1026 2096 1122 2144 castra

167 2177 237 2229 sunt
251 2168 352 2245 posita,
368 2168 546 2225 exurebatur
561 2166 776 2224 amoenissimus
790 2165 882 2224 Italiae
893 2184 972 2244 ager,
984 2166 1121 2242 villaeque
1146 2237 1148 2240 Ι

168 2250 278 2327 passim
293 2246 436 2305 incendiis
447 2245 606 2316 fumabant,
623 2264 674 2322 per
685 2247 759 2323 juga
780 2244 900 2304 Massici
914 2248 1018 2304 montis
1031 2246 1123 2304 Fabio
1221 2234 1226 2246 ’

117 2340 124 2345 “
167 2328 305 2399 ducente,
327 2337 391 2387 tum
413 2345 500 2405 prope
523 2324 559 2384 de
581 2326 694 2403 integro
715 2325 817 2383 seditio
839 2345 974 2385 accensa.
1020 2326 1122 2392 Quieti
1131 2327 1172 2382 25

168 2407 289 2467 fuerant
311 2408 389 2465 enim
412 2424 594 2483 perpaucos
616 2406 687 2476 dies,
701 2407 780 2482 quia,
798 2426 867 2464 cum
889 2406 1016 2464 celerius
1038 2406 1121 2465 solito

168 2488 293 2546 ductum
308 2506 412 2565 agmen
428 2496 512 2556 esset,
525 2484 653 2543 festinari
668 2486 704 2543 ad
716 2486 921 2561 prohibendam
933 2485 1121 2561 populationi-

170 2568 225 2626 bus
253 2564 443 2643 Campaniam
467 2566 667 2642 crediderant:
699 2576 731 2622 ut
753 2583 821 2622 vero
844 2565 883 2646 in¹
897 2574 1028 2621 extrema
1049 2565 1124 2639 juga

169 2648 292 2707 Massici
308 2648 412 2705 montis
427 2656 556 2715 ventum,
572 2654 601 2703 et
614 2646 710 2702 hostes
724 2644 779 2701 sub
792 2644 886 2701 oculis
899 2652 990 2712 erant,
1003 2642 1123 2700 Falerni

169 2729 235 2807 agri
250 2729 477 2802 colonorumque
499 2725 647 2782 Sinuessae
667 2733 745 2781 tecta
766 2732 891 2791 urentes,
907 2740 963 2779 nee
984 2721 1047 2779 ulla
1061 2723 1173 2779 erat30

169 2808 280 2866 mentio
295 2825 410 2885 pugnae,
426 2811 444 2841 “
455 2815 654 2884 spectatumne
669 2801 760 2873 huc,''
775 2803 869 2879 inquit
883 2801 1041 2872 Minucius,
1058 2808 1077 2836 “
1087 2801 1124 2859 ad

170 2907 234 2946 rem
261 2885 415 2945 fruendam
439 2885 541 2955 oculis,
557 2884 701 2943 sociorum
722 2883 816 2941 caedes
837 2892 865 2941 et
887 2882 1022 2941 incendia
1044 2883 1123 2940 veni-

170 2968 261 3025 musl
304 2965 371 3027 Nec
399 2966 424 3023 si
451 2965 563 3023 nullius
592 2964 720 3035 alterius,
733 2982 792 3030 'nos
815 2982 853 3021 ne
874 2964 984 3021 civium
1006 2963 1124 3041 quidem

170 3048 277 3106 horum
299 3046 395 3123 pudet,
410 3065 482 3121 quos
504 3044 672 3103 Sinuessam
693 3044 808 3103 colonos
827 3055 923 3121 patres
937 3046 1025 3103 nostri
1039 3044 1123 3101 mise-

171 3137 249 3198 runt,
266 3135 298 3184 ut
313 3128 348 3185 ab
363 3126 493 3183 Samnite
508 3125 588 3183 hoste
609 3134 672 3182 tuta
686 3126 750 3183 haeo
770 3143 821 3183 ora
842 3135 926 3195 esset,
941 3144 1030 3201 quam
1044 3143 1124 3182 nunc
1135 3126 1173 3179 st

172 3226 230 3265 non
245 3206 360 3263 vicinus
381 3206 498 3263 Samnis
519 3206 577 3262 urit
597 3205 648 3263 sed
669 3204 778 3263 Poenus
799 3205 920 3273 advena,
936 3206 972 3261 ab
987 3204 1125 3261 extremis

172 3288 250 3345 orbis
264 3295 411 3343 terrarum
425 3285 556 3343 terminis
570 3295 667 3343 nostra
681 3286 865 3343 cunctatione
879 3294 908 3341 et
921 3284 1051 3341 socordia
1062 3282 1124 3358 jam

173 3367 232 3425 huc
255 3366 450 3445 progressus?
492 3364 622 3423 Tantum
647 3384 698 3443 pro
720 3365 932 3441 degeneramus
955 3383 972 3420 a
994 3363 1125 3439 patribus

174 3448 287 3517 nostris,
304 3455 345 3516 ut,
369 3455 473 3521 preter
494 3464 582 3522 quarn
601 3465 683 3504 oram
705 3445 748 3501 illi
769 3462 853 3502 suam
874 3442 1001 3500 Punicas
1022 3441 1125 3519 vagari

173 3526 293 3596 classes
309 3525 437 3584 dedecus
452 3544 515 3583 esse
536 3526 649 3604 imperii
664 3525 711 3583 sui
731 3523 876 3593 duxerint,
891 3540 957 3579 eam
971 3540 1050 3580 nunc
1065 3522 1124 3597 ple·
1135 3522 1173 3578 to
1256 3512 1274 3537 '

178 3626 245 3665 uam
265 3606 392 3664 hostium
411 3604 665 3681 Numidarumque
690 3602 919 3661 ac‘Maurorum
940 3602 1001 3678 jam
1017 3600 1125 3667 factam

176 3686 351 3745 videamus?
394 3686 456 3752 Qut
471 3685 562 3757 modo,
578 3686 743 3761 Saguntum
763 3683 924 3761 oppugnari
938 3680 1124 3759 indignando,

178 3785 233 3825 uon
247 3768 380 3825 homines
394 3775 516 3835 tantum,
532 3765 582 3823 sed
604 3763 715 3823 foedera
729 3774 757 3822 et
778 3763 847 3821 deos
868 3762 1026 3833 (dabamus,
1041 3780 1124 3821 scan-

179 3844 293 3906 dentem
307 3846 417 3907 moenia
435 3844 576 3904 Romana
590 3845 710 3904 colonia
730 3843 926 3904 Hannibalem
940 3843 999 3903 lati
1014 3851 1125 3923 spectu·
