2717 4292
192 267 229 330 18
602 276 661 318 τιτι
683 275 757 316 mvn

239 409 294 466 mis
304 407 447 466 Romanis
459 407 590 464 resistere
601 425 693 484 posse.
735 402 831 463 Haec’'
845 404 939 481 inquit
954 410 971 440 ‘⁴
981 403 1105 476 locutus,
1115 405 1186 466 snb-

239 488 315 544 IImis
337 485 438 544 abiit.''
480 486 598 556 Mirum,
620 495 761 561 quantum
783 484 827 540 illi
849 484 921 554 viro,
944 485 1090 542 nuntianti
1118 485 1185 544 haec

238 565 306 624 fidei
329 566 434 638 fuerit5
465 584 609 642 quamque
631 563 805 621 desiderium
828 563 945 620 Romuli
968 562 1045 639 apud
1067 564 1184 644 plebem
1231 594 1238 602 ·

238 646 465 720 exercitumque,
482 644 558 702 facta
572 642 628 700 fide
641 642 871 712 immortalitatis,
887 642 1009 700 lenitum
1022 643 1069 700 sit.

209 727 227 780 5
279 723 374 782 XVII.
398 724 516 781 Petrum
531 722 646 780 interim
667 723 777 778 animos
791 731 939 778 certamen
953 721 1035 797 regni
1050 740 1085 778 ac
1100 722 1184 799 cupi-

238 802 274 860 do
293 804 442 860 versabat:
467 801 592 859 necdum
617 820 634 858 a
658 800 789 876 siugulis,
811 801 880 876 quia
897 818 983 856 nemo
1005 819 1184 878 magnopere

237 883 382 939 eminebat
395 883 426 938 in
439 900 512 940 novo
526 879 639 958 populo,
651 888 838 956 pervenerat:
861 877 1033 936 factionibus
1046 880 1122 937 inter
1136 899 1183 938 or.

237 960 319 1018 diues
333 962 509 1018 certabatur.
552 959 676 1017 Oriundi
690 959 727 1015 ab
741 957 865 1027 Sabinis,
879 977 925 1027 ne,
940 959 1010 1034 quia
1024 967 1086 1034 post
1100 957 1184 1016 Tatii

237 1049 358 1097 mortem
369 1040 405 1096 ab
419 1059 472 1097 sua
486 1048 567 1116 parte
580 1057 637 1095 non
652 1047 715 1094 erat
729 1048 889 1114 regnatum,
901 1036 932 1094 in
946 1037 1082 1094 societate
1096 1056 1185 1114 aequa

192 1118 227 1176 10
238 1119 444 1194 possessionem
458 1118 570 1194 imperii
585 1117 756 1186 amitterent,
770 1117 817 1173 sui
831 1116 958 1193 corporis
971 1116 1066 1173 creari
1081 1133 1185 1194 regem

238 1197 389 1255 volebant:
412 1198 535 1255 Romani
547 1206 659 1253 veteres
673 1196 859 1273 peregrinum
873 1213 973 1272 regem
987 1196 1182 1271 aspernaban.

197 1325 198 1328 ,
237 1285 294 1334 tur.
336 1275 369 1334 In
390 1277 479 1334 variis
501 1274 705 1344 voluntatibus,
721 1275 837 1352 regnari
861 1284 959 1332 tamen
982 1293 1081 1331 omnes
1103 1274 1182 1332 volc-

237 1354 314 1424 bant,
330 1355 468 1414 libertatis
482 1354 635 1412 dulcedine
649 1353 777 1410 nondum
791 1363 919 1430 experta.
961 1353 1064 1412 TImor
1077 1352 1183 1412 demde

236 1443 332 1510 patres
345 1435 471 1505 incessit,
487 1453 524 1492 ne
546 1434 693 1490 civitatem
706 1433 769 1490 sine
790 1433 918 1508 imperio,
933 1434 1095 1490 exercitum
1116 1433 1182 1491 sine

190 1516 225 1572 15
235 1513 319 1583 duee,
332 1515 490 1570 multarum
505 1514 585 1570 circa
596 1511 758 1569 civitatium
768 1511 888 1569 irritatis
902 1513 1015 1582 animis,
1025 1513 1070 1569 vis
1081 1511 1184 1588 aliqua

235 1602 353 1650 externa
368 1593 546 1650 adoriretur:
568 1602 596 1649 et
617 1610 681 1648 esse
695 1591 785 1666 igitur
799 1590 914 1666 aliquod
935 1601 1022 1668 caput
1037 1591 1182 1668 placebat,

234 1681 264 1728 et
277 1690 362 1728 nemo
376 1672 459 1728 alteri
480 1669 638 1728 concedere
653 1670 683 1725 in
699 1670 827 1726 animum
846 1669 1011 1727 Inducebat.
1038 1669 1097 1728 *Ita
1118 1689 1184 1727 rem

234 1749 310 1806 iuter
323 1770 355 1807 se
369 1760 486 1807 centum
504 1758 608 1826 patres,
623 1748 725 1806 decem
745 1748 872 1805 decuriis
889 1748 982 1819 factis,
997 1749 1182 1826 singulisque

234 1827 265 1883 in
280 1829 409 1905 singulas
423 1829 557 1886 decurias
572 1828 685 1897 creatis,
701 1827 751 1904 qui
765 1846 887 1884 summae
901 1846 999 1884 rerum
1013 1839 1182 1906 praeessent,

186 1909 410 1966 20consociant.
452 1906 563 1965 Decem
590 1906 801 1982 imperitabant,
823 1925 900 1964 nnus
924 1926 993 1964 cum
1017 1907 1184 1984 insignibus

234 1985 349 2062 imperii
359 1997 388 2046 et
398 1987 546 2045 lictoribus
560 1995 638 2044 erat:
659 1985 788 2062 quinque
799 1985 913 2044 dierum
923 1986 1014 2062 spatio
1025 1986 1183 2044 finiebatur

180 2135 183 2142 Ι
234 2063 443 2140 imperiumne
457 2084 509 2143 per
522 2085 621 2123 omnes
634 2066 664 2122 iu
679 2066 778 2122 orbem
793 2066 868 2122 ibat:
890 2083 1078 2142 annuumque
1092 2065 1201 2144 inter-‚

234 2145 345 2202 vallum
360 2146 443 2222 regni
457 2145 520 2202 fuit.
563 2143 594 2202 Id
610 2144 646 2201 ab
660 2163 701 2214 re,
713 2144 789 2221 quod
808 2163 887 2201 nunc
905 2163 1019 2220 quoquc
1040 2153 1118 2202 tenet
1131 2164 1180 2202 nc

235 2241 311 2294 men,
336 2225 535 2301 interregnum
564 2223 751 2300 appellatum.
794 2223 933 2280 Fremere
960 2223 1063 2280 deinde
1089 2223 1203 2300 plebs„

185 2306 224 2360 25
235 2303 454 2378 multiplicatam
466 2304 643 2372 servitutem,
659 2311 777 2359 centum
791 2308 841 2378 pro
856 2321 913 2375 uno
927 2301 1056 2360 dominos
1071 2301 1182 2362 factos:

234 2399 290 2438 nec
304 2383 381 2440 ultra
395 2383 451 2439 nisi
473 2400 580 2460 regem,
595 2392 624 2440 ct
639 2382 674 2439 ab
689 2381 758 2457 ipsis
773 2391 915 2451 creatum,
929 2381 1102 2439 videbantur
1115 2402 1181 2459 pas-

234 2462 306 2517 surI.
348 2460 424 2519 Cum
438 2463 593 2519 sensissent
607 2481 642 2518 ea
663 2461 773 2518 moveri
790 2470 895 2537 patres,
910 2459 1088 2518 offerendum
1104 2462 1183 2520 ultro

234 2541 298 2610 rati,
313 2541 387 2616 quod
410 2541 544 2598 amissuri
563 2550 655 2610 erant,
671 2541 712 2598 ita
732 2541 855 2617 gratiam
876 2540 986 2609 ineunt,
1002 2559 1117 2596 summa
1132 2560 1181 2617 po.

233 2628 334 2678 testate
357 2621 461 2697 populo
483 2621 632 2696 permissa,
648 2629 681 2676 ut
701 2637 759 2676 non
783 2619 849 2696 plus
869 2618 971 2676 darent
986 2619 1071 2696 juris,
1090 2638 1182 2695 quam

185 2703 223 2760 ³0
233 2698 408 2757 detinerent:
430 2699 623 2757 decreverunt
637 2699 723 2767 enim,
736 2707 776 2768 ut,
787 2716 856 2755 oum
870 2698 993 2774 populus
1007 2717 1107 2776 regem
1118 2699 1181 2774 jus-

233 2778 325 2847 sisset,
337 2778 366 2834 id
380 2780 423 2836 sic
438 2787 532 2835 retum
544 2787 628 2848 esset,
638 2778 662 2834 si
674 2788 770 2852 patres
781 2786 914 2834 auctores
928 2776 1041 2834 fierent.
1083 2776 1182 2836 Hodie

232 2875 348 2932 quoque
368 2857 399 2912 in
421 2857 534 2932 legibus
558 2855 831 2932 magistratibusque
855 2855 999 2933 rogandis,
1022 2866 1182 2933 usurpatur

232 2934 310 2991 idem
321 2934 379 3010 jus,
395 2934 424 2992 vi
444 2934 593 3011 adempte:
616 2934 785 3010 priusquam
805 2934 928 3012 populus
949 2934 1121 3012 suffragium
1136 2936 1180 2993 in-

233 3023 289 3082 eat,
304 3015 334 3070 in
355 3013 499 3071 incertum
520 3014 702 3072 comitiorum
723 3023 859 3070 eventum
880 3023 975 3090 patres
997 3025 1132 3072 auctores
1146 3016 1179 3072 fi.

185 3096 295 3152 ibunt.
338 3092 417 3151 Tum
441 3093 568 3150 interrex
592 3092 730 3150 concione
758 3092 907 3162 advocata,
923 3093 1038 3158 “Quod
1061 3093 1180 3165 bonum,

235 3169 371 3241 faustum,
394 3169 521 3248 felixque
543 3169 610 3242 sit,''
630 3171 732 3247 inquit,
756 3177 774 3235 ‘.‘
783 3160 924 3242 Quirites,
940 3190 1040 3250 regem
1060 3183 1179 3232 create:

233 3250 274 3307 ita
288 3251 417 3326 patribus
432 3253 527 3308 visum
541 3260 593 3308 est.
636 3250 737 3308 Patres
751 3249 864 3319 deinde,
878 3251 902 3308 si
916 3251 1046 3327 dignum,
1061 3252 1112 3327 qui
1133 3272 1178 3309 se-

233 3330 347 3386 cundus
370 3330 406 3387 ab
428 3329 553 3388 Romulo
571 3340 741 3388 numeretur
762 3330 903 3398 crearitiS,
919 3339 1053 3386 auctores
1074 3330 1180 3388 fient.''

233 3407 317 3466 Adeo
331 3409 359 3466 id
373 3419 488 3486 gratum
500 3410 576 3486 plebi
588 3408 651 3477 fuit,
664 3418 704 3478 ut,
717 3427 753 3464 ne
768 3409 837 3466 victi
848 3408 989 3466 beneficio
1000 3408 1179 3481 viderentur,

184 3492 222 3546 to
232 3486 261 3543 id
278 3488 359 3546 modo
373 3490 532 3546 sciscerent
542 3489 746 3564 juberentque,
759 3497 791 3544 ut
805 3499 923 3563 senatus
937 3486 1116 3558 decerneret,
1128 3491 1181 3565 qui

232 3565 334 3624 Romae
348 3578 492 3644 regnaret.

273 3644 382 3703 XVIII.
405 3646 519 3722 Inclyta
530 3646 642 3721 justitia
656 3644 816 3720 religioque
831 3664 867 3702 ea
886 3654 1055 3721 tempestate
1069 3644 1101 3703 N
1102 3665 1181 3705 umae

232 3721 364 3799 Pompilii
384 3733 456 3781 erat.
498 3725 624 3782 Guribus
644 3722 760 3779 Sabinis
780 3723 927 3781 habitabat
947 3725 1181 3784 consultissimus

231 3801 285 3872 vir,
301 3810 333 3859 ut
351 3802 383 3858 in
402 3802 455 3859 illa
474 3804 628 3880 quisquam
649 3820 713 3860 esse
734 3811 817 3860 aetate
837 3811 956 3880 poterat,
977 3804 1071 3861 omnis
1087 3803 1179 3862 divini
