2717 4292
186 294 225 354 36
607 309 666 351 rrrr
687 308 761 351 amn

233 442 288 512 sui,
304 461 359 498 non
375 441 539 518 interregno
554 449 584 498 ut
599 449 685 498 antea
698 441 777 509 inito,
787 458 844 497 non
858 439 982 498 comitiis
995 439 1110 510 habitis,
1124 459 1187 502 non

234 541 285 597 per
299 520 470 610 suffragium
492 521 598 597 populi,
614 538 670 577 nou
686 521 853 577 auctoribus
874 520 1184 596 patribus—muliebri

233 600 306 656 dono
330 618 452 676 reguum
476 619 665 675 occupasse:-
682 600 723 655 ita
736 611 837 656 netum
857 599 898 654 ita
918 609 1050 656 creatum
1072 618 1183 676 regern,

234 677 375 736 fautorem
397 678 497 748 infimi,
519 679 636 756 generis
656 678 815 747 homiuum,
837 697 873 735 ex
894 697 951 753 quo
971 680 1032 753 ipse
1053 680 1099 748 sit,
1116 679 1184 737 odio

205 759 337 816 5alienae
353 758 509 816 honestatis
529 768 660 835 ereptum
674 758 848 834 primoribus
862 774 967 834 agrum
987 757 1184 816 sordidissimo

232 839 338 914 cuique
360 838 511 895 divisisse:
532 838 629 895 omnia
648 855 747 905 onera,
762 855 828 912 quae
848 837 1015 893 communia
1035 837 1182 912 quondam

232 915 348 986 fuerint,
359 917 514 975 inclinasse
523 918 553 974 in
566 917 707 992 primores
717 916 859 973 civitatis:
881 915 1181 988 instituissecensum,

231 1007 264 1053 ut
287 997 409 1074 insignis
436 995 472 1053 ad
500 996 639 1053 invidiam
666 996 889 1071 locupletiorum
912 992 1027 1053 fortuna
1051 1006 1127 1053 esset
1151 1006 1181 1056 et

163 1125 165 1131 .
231 1086 340 1150 perata,
356 1075 442 1145 unde,
457 1074 507 1132 ubi
518 1075 615 1144 vellet,
631 1075 824 1152 egentissimis
837 1074 1005 1150 largiretur.
1038 1073 1178 1133 XLVllI.

186 1154 221 1208 10
231 1153 311 1210 Huic
335 1155 457 1212 orationi
477 1154 599 1212 Servius
623 1173 692 1211 cum
713 1153 923 1222 intervenisset,
944 1153 1055 1230 trepido
1078 1156 1180 1212 nuntio

230 1234 383 1303 excitatus,
399 1234 542 1308 extemplo
564 1252 582 1290 a
595 1233 738 1292 vestibulo
751 1233 843 1290 curiae
857 1251 964 1310 magna
978 1251 1060 1302 voce,
1082 1240 1100 1268 “
1109 1234 1181 1310 quid

229 1310 316 1381 hoc‚''
342 1314 443 1388 inquit,
468 1320 485 1346 “
496 1312 648 1388 Tarquini,
672 1314 716 1370 rei
738 1311 804 1370 esti
833 1330 892 1387 qua
917 1322 949 1370 tu
974 1313 1107 1383 audacia,
1133 1332 1180 1372 mc

230 1393 304 1460 vivo,
320 1411 425 1449 vocare
441 1411 530 1449 ausus
544 1412 574 1450 es
593 1401 697 1468 patres,
714 1392 807 1449 autin
821 1390 889 1448 sede
903 1390 1053 1448 considere
1067 1411 1133 1450 mea
1143 1391 1180 1448 φ’

230 1488 298 1528 cum
321 1471 371 1528 ille
397 1470 531 1529 ferociter
551 1472 587 1528 ad
611 1471 684 1540 haec,
707 1491 739 1528 se
764 1471 854 1546 patris
877 1471 924 1527 sui
947 1480 1046 1528 tenere
1070 1471 1179 1543 sedem,

183 1551 219 1606 1⁵
231 1551 328 1617 multe,
340 1570 428 1627 quam
443 1570 570 1619 servum,
581 1552 718 1626 potiorem
732 1550 826 1607 filium
841 1550 920 1626 regis
934 1550 1017 1626 regui
1031 1550 1179 1622 heredem,

229 1632 298 1687 satis
314 1632 396 1686 llum
408 1631 456 1686 diu
472 1648 523 1706 per
536 1630 685 1686 licentiam
696 1629 860 1687 eludentem
871 1629 1025 1686 insultasse
1036 1629 1178 1689 dominis:

228 1709 340 1766 clamor
351 1710 387 1765 ab
398 1710 549 1783 utriusque
565 1706 725 1766 fautoribus
732 1709 842 1766 oritur:
864 1719 892 1766 et
906 1727 1067 1767 concursus
1081 1711 1181 1787 populi

231 1787 319 1844 tiebat
340 1789 368 1844 in
391 1788 513 1856 curiam,
529 1788 744 1863 apparebatque
764 1797 963 1864 regnaturum,
979 1789 1029 1864 qui
1050 1789 1179 1847 vicisset.

230 1864 309 1922 Tum
338 1866 730 1942 Tarquinius-necessitate
761 1868 824 1943 jam
851 1868 953 1925 etiam·
967 1868 1029 1942 ipsa
1057 1878 1181 1945 cogente

181 1948 219 2002 20
230 1945 332 2002 ultima
346 1947 585 2004 audere—multo
599 1957 627 2004 et
641 1955 724 2004 aetate
739 1956 767 2004 et
781 1947 893 2004 viribus
903 1946 1034 2017 validior,
1049 1948 1180 2006 medium

230 2026 330 2101 arripit
354 2026 498 2096 Servium,
515 2027 682 2102 elatumque
697 2045 713 2083 e
728 2027 812 2084 curia
828 2027 859 2082 in
880 2024 1047 2084 inferiorem
1068 2039 1180 2104 partem

229 2123 280 2182 per
316 2105 402 2162 radus
417 2106 537 2181 dejecit:
559 2105 626 2162 inde
641 2105 676 2163 ad
693 2105 855 2182 cogendum
869 2116 1002 2164 senatum
1020 2107 1180 2164 incuriam

229 2125 322 2241 redid.
365 2184 413 2243 Fit
435 2185 504 2261 fuga
526 2187 602 2262 regis
624 2186 819 2261 apparitorum
840 2195 926 2262 atque
940 2186 1096 2242 comitum:
1118 2187 1180 2264 ipso

229 2281 315 2339 prope
328 2266 493 2340 exsanguis,
509 2282 577 2321 cum
591 2265 653 2321 sine
668 2265 748 2341 regio
762 2265 900 2322 comitatu
921 2264 1038 2321 domum
1059 2285 1091 2323 se
1106 2267 1179 2323 reei-

180 2345 218 2399 25
229 2353 317 2418 peret,
334 2343 369 2399 ab
384 2344 428 2411 iis,
443 2344 493 2418 qui
509 2344 588 2400 missi
609 2344 646 2401 ab
668 2342 830 2420 Tarquinio
849 2342 1008 2420 fugientem
1030 2346 1179 2403 consecuti

229 2433 319 2490 erant,
335 2422 516 2480 interficitur.
558 2422 703 2489 Creditur,
718 2423 788 2497 quia
809 2442 865 2480 non
887 2423 1021 2480 abhorret
1042 2444 1060 2481 a
1081 2435 1178 2482 cetero

228 2502 348 2571 scelere,
375 2501 521 2560 admonitu
544 2500 652 2558 Tulliae
673 2502 702 2559 id
724 2501 851 2559 factum:
876 2512 1014 2578 carpento
1026 2503 1177 2560 certe—id
1268 2519 1271 2524 ’

228 2580 304 2658 quod
321 2582 390 2639 satis
404 2582 585 2639 constat-in
607 2581 702 2639 forum
717 2582 841 2652 invecta,
856 2600 912 2639 neo
927 2582 1053 2639 reverita
1067 2593 1178 2640 coetum

232 2662 365 2731 virorum,
382 2663 513 2719 evocavit
528 2663 624 2718 virum
644 2681 661 2718 e
678 2662 771 2730 curia,
787 2679 944 2738 regemque
967 2661 1060 2736 prima
1081 2663 1178 2739 appel-

181 2739 318 2797 solavit:
351 2761 368 2798 a
392 2760 449 2816 quo
475 2739 618 2798 facessere
639 2741 723 2815 jussa
743 2760 780 2798 ex
807 2749 885 2798 tanto
905 2740 1032 2796 tumultu
1054 2760 1123 2798 cum
1144 2761 1177 2799 se

229 2819 344 2876 domum
371 2820 520 2894 reciperet,
544 2821 779 2894 pervenissetque
804 2818 840 2876 ad
862 2838 1010 2876 summum
1032 2818 1177 2897 Cyprium

229 2899 336 2966 vicum,
354 2897 402 2954 ubi
417 2896 555 2953 Dacium
572 2916 664 2973 nuper
679 2897 742 2966 fuit,
752 2899 878 2956 flectenti
890 2910 1061 2975 carpentum
1075 2899 1178 2957 dextra

229 2976 259 3032 in
276 2975 397 3034 Urbium
413 2976 532 3045 clivum,
549 2986 580 3033 ut
601 2977 630 3032 in
645 2977 751 3034 collem
766 2977 977 3052 Esquiliarium
992 2980 1177 3050 eveheretur,

220 3055 331 3128 'restitit
346 3054 467 3131 pavidus
486 3065 572 3131 atque
586 3056 710 3114 inhibuit
728 3055 825 3114 frenos
838 3058 872 3127 is,
887 3058 938 3133 qui
953 3057 1088 3133 jumenta
1110 3078 1177 3136 cge-

184 3132 286 3203 sabat,
307 3135 509 3211 jacentemque
532 3135 654 3194 dominae
682 3136 819 3193 Servium
842 3136 1019 3194 trucidatum
1042 3137 1177 3196 ostendit.

229 3211 355 3272 Foedum
375 3214 624 3291 inhumanumque
638 3215 705 3272 inde
724 3215 848 3274 traditur
861 3216 968 3286 scelus,
979 3227 1177 3275 monumento·

228 3313 287 3372 que
310 3295 392 3352 locus
416 3294 682 3352 est—Sceleratum
707 3296 805 3352 vicum
831 3305 1042 3371 vocant-quo
1067 3315 1176 3367 amens,

230 3375 405 3452 agitantibus
430 3372 513 3431 suriis
527 3375 632 3432 sororis
646 3393 681 3431 ac
697 3375 761 3444 viri,
777 3373 879 3432 Tullia
901 3393 953 3450 per
967 3375 1057 3450 patris
1071 3394 1178 3451 corpus

229 3465 399 3530 carpentum
422 3455 515 3532 egisse
537 3453 637 3521 fertur,
660 3463 830 3528 partemque
852 3455 1004 3530 sanguinis
1029 3474 1064 3512 ao
1089 3454 1177 3513 caedis

185 3546 220 3597 40
231 3544 356 3609 patarum
378 3545 497 3591 cruento
511 3533 655 3602 vehiculo,
677 3533 872 3590 contaminata
893 3535 956 3610 ipsa
977 3552 1177 3609 respersaque,
1209 3569 1214 3576 -

194 3609 198 3615 ’
229 3615 329 3670 tulisse
351 3613 386 3669 ad
409 3625 527 3688 penates
548 3631 616 3670 suos
640 3613 753 3687 vir-:que
778 3611 833 3681 sui,
855 3614 961 3688 quibus
985 3614 1075 3683 iratiS,
1101 3613 1177 3670 malo

230 3692 312 3768 regni
338 3693 478 3765 principio
500 3691 609 3748 similes
637 3710 724 3766 prope
749 3691 825 3748 diem
852 3692 947 3749 exitus
974 3701 1177 3768 sequerentur.

229 3769 350 3825 Servius
375 3768 493 3826 Tullius
514 3770 646 3846 regnavit
667 3787 758 3827 annos
778 3779 914 3844 quattuor
933 3780 962 3829 et
982 3771 1177 3847 quadraginta

232 3846 283 3921 ita,
302 3857 335 3907 ut
352 3848 426 3906 bono
446 3847 534 3906 etiam
555 3848 757 3926 moderatoque
777 3848 945 3906 succedenti
966 3850 1030 3928 regi
1050 3849 1177 3908 difficilis
