2717 4292
183 273 222 360 53
302 292 305 298 '
378 268 396 290 ⁵
599 299 660 341 riri
680 299 755 341 niun

234 431 332 490 domos
343 430 409 488 inde
423 430 546 508 digressi
556 439 633 501 sunt,
644 429 864 508 instigandoque
877 449 946 489 auos
955 430 1080 508 quisque
1093 446 1172 510 popu

234 511 278 570 los
292 511 416 580 efficere,
432 520 465 567 ut
478 528 562 567 omne
576 509 719 568 Volscum
733 529 837 567 nomen
850 510 999 568 deficeret.

276 589 416 648 XXXIX.
438 588 629 664 Imperatores
643 589 679 646 ad
699 588 728 645 id
743 590 852 647 bellum
866 589 901 647 de
914 591 1045 647 omnium
1065 589 1182 667 populo·

235 687 301 727 rum
326 669 467 726 sententia
487 668 555 726 lecti
578 669 677 726 Attius
700 667 819 726 Tullius
835 678 869 726 'et
890 668 926 726 C.
943 668 1083 740 Marcius,
1098 668 1183 727 exsul

186 751 205 806 5
235 748 393 818 Romanus,
409 749 440 805 in
463 765 521 824 quo
543 748 690 823 aliquanto
714 748 781 824 plus
804 749 866 823 spei
891 749 1065 824 repositum:
1093 767 1184 826 quarn

235 847 315 904 spem
343 846 527 904 nequaquam
555 826 665 902 fefellit,
694 835 726 884 ut
754 825 841 884 facile
872 838 1032 904 appareret,
1059 828 1185 886 ducibus

235 906 404 964 validiorem
425 925 513 982 quam
531 906 662 963 exercitu
683 925 746 963 rem
760 905 924 963 Romanam
937 925 1012 965 esse.
1053 907 1186 965 Circeios

235 984 390 1062 profectus,
405 986 531 1062 primum
545 984 661 1043 colonos
673 985 742 1042 inde
757 985 902 1043 Romanos
916 986 1036 1062 expulit,
1048 986 1183 1045 liberam.

234 1084 292 1141 que
313 1084 378 1122 eam
400 1065 501 1122 urbem
523 1063 640 1122 Volscis
659 1063 793 1122 tradidit:
815 1063 882 1121 inde
900 1065 931 1122 in
951 1064 1089 1122 Latinam
1105 1066 1185 1124 viam

187 1147 224 1203 10
235 1143 408 1202 transversis
428 1144 592 1201 tramitibus
612 1153 819 1221 transgressus,
834 1142 991 1214 Satricum,
1006 1143 1183 1222 Longulam,

235 1221 398 1292 Poluscam,
419 1221 557 1292 Coriolos,
579 1221 725 1281 Bovillas:
746 1222 810 1280 haec
831 1221 971 1280 Romania
990 1223 1096 1301 oppida
1116 1223 1184 1281 ade-

234 1302 303 1358 mit:
339 1301 405 1358 inde
430 1300 589 1359 Lavinium
613 1302 724 1379 recipit,
749 1311 812 1358 tum
838 1301 975 1379 deinceps
1001 1303 1183 1373 Corbionem,

234 1380 395 1449 Vitelliam,
407 1378 558 1451 Trebium,
570 1380 704 1450 Labicos,
716 1380 827 1438 Pedum
841 1382 933 1458 cepit:
955 1392 1131 1458 postremum
1147 1381 1184 1440 ad

211 1531 212 1536 η
235 1461 337 1517 urbem
353 1478 371 1517 a
385 1459 461 1516 Pedo
475 1459 563 1530 ducit,
576 1469 605 1519 et
616 1459 651 1516 ad
663 1459 754 1518 fossas
766 1459 901 1530 Cluilias,
915 1461 1045 1538 quinque
1059 1461 1096 1518 ab
1110 1461 1184 1518 urbe

188 1541 224 1598 15
235 1538 328 1596 millia
342 1557 489 1614 passuum,
505 1540 608 1597 castris
628 1540 736 1616 positis,
751 1539 906 1615 populatur
924 1539 991 1598 inde
1006 1559 1111 1617 agrum
1125 1540 1184 1598 Ro-

235 1637 364 1688 manum,
380 1617 547 1675 custodibus
567 1619 643 1676 inter
657 1618 839 1696 populatores
860 1619 963 1689 missis,
978 1621 1030 1696 qui
1051 1621 1183 1696 patricio-

236 1716 302 1754 rum
326 1715 411 1773 agros
434 1697 557 1754 intactos
577 1706 735 1767 servarent,
751 1697 813 1754 sive
833 1697 965 1755 infensus
982 1699 1059 1774 plebi
1079 1699 1184 1775 magis,

235 1777 297 1833 sive
321 1786 352 1832 ut
374 1774 518 1832 discordia
539 1775 606 1833 inde
627 1776 705 1833 inter
726 1787 822 1853 patres
846 1776 1018 1853 plebemque
1040 1787 1183 1835 oreretur.

235 1853 312 1920 Quae
325 1852 452 1930 profecto
465 1863 528 1911 orta
542 1864 626 1925 esset,
642 1854 715 1912 adeo
736 1856 843 1913 tribuni
861 1856 923 1932 jam
938 1855 1065 1914 ferocem
1079 1875 1132 1933 per
1152 1877 1185 1915 se

186 1935 225 1990 20
235 1933 349 2010 plebem
363 1932 543 1990 criminando
561 1933 591 1990 in
612 1935 753 2010 primores
773 1935 898 1992 civitatis
919 1935 1111 2013 instigabant:
1133 1935 1185 1993 sed

236 2021 373 2070 externus
393 2013 487 2082 timor,
508 2014 667 2071 maximum
692 2013 853 2072 concordiae
873 2014 1034 2085 vinculum,
1049 2015 1185 2090 quamvis

236 2102 384 2168 suspectos
398 2091 582 2168 infensosque
596 2093 671 2150 inter
685 2112 717 2150 se
734 2092 875 2170 jungebat
890 2094 1010 2151 animos.
1052 2093 1086 2151 ld
1100 2094 1185 2152 modo

235 2189 292 2229 non
307 2171 504 2240 conveniebat,
519 2171 595 2246 quod
616 2181 734 2229 senatus
748 2171 939 2248 consulesque
953 2192 1100 2249 nusquam
1114 2174 1185 2231 alibi

236 2268 316 2325 spem
331 2266 419 2325 quam
434 2249 464 2305 in
479 2251 567 2307 armis
581 2250 733 2327 ponebant,
748 2251 846 2326 plebes
860 2253 957 2308 omnia
970 2271 1059 2328 quam
1073 2253 1183 2310 bellum

186 2333 224 2388 25
236 2329 371 2385 malebat.
402 2327 453 2404 Sp.
467 2327 595 2390 Nautius
606 2329 668 2404 jam
683 2338 711 2386 et
725 2329 794 2386 Sex.
810 2329 921 2387 Furius
934 2331 1070 2388 consules
1088 2342 1182 2390 erant.
1205 2370 1209 2374 μ

236 2407 295 2465 Eos
316 2417 501 2464 recensentes
521 2407 659 2485 legiones,
675 2408 808 2485 praesidia
824 2427 878 2486 per
897 2429 996 2467 muros
1010 2412 1137 2488 aliaque,
1153 2412 1184 2468 in

235 2487 340 2566 quibus
359 2487 495 2544 stationes
509 2487 682 2564 vigiliasque
705 2507 769 2545 esse
792 2488 950 2564 placuerat,
965 2489 1032 2547 loca
1050 2490 1183 2548 distribu-

236 2577 325 2638 entes,
345 2565 498 2624 multitudo
518 2566 622 2643 ingens
643 2567 747 2643 pacem
764 2568 944 2644 poscentium
965 2570 1091 2644 primum
1110 2569 1184 2627 sedi·

235 2647 305 2704 tioso
329 2645 456 2704 clamore
478 2645 646 2717 conterruit,
661 2646 764 2704 deinde
786 2665 892 2705 vocare
911 2658 1053 2718 senatum,
1073 2647 1184 2706 referre

186 2729 224 2785 30
236 2725 271 2783 de
285 2726 390 2803 legatis
412 2725 448 2782 ad
469 2725 503 2782 C.
520 2723 667 2782 Marcium
682 2726 826 2783 mittendis
847 2726 951 2803 coegit.
994 2728 1185 2803 Acceperunt

236 2805 404 2862 relationem
416 2813 519 2880 patres,
532 2814 684 2880 postquam
696 2805 829 2881 apparuit
839 2805 939 2862 labare
951 2805 1043 2882 plebis
1053 2807 1184 2865 animos:
1236 2877 1240 2883 ,

235 2884 373 2959 missique
393 2882 435 2939 de
450 2900 522 2956 pace
542 2881 577 2938 ad
597 2881 743 2940 Marcium
765 2893 892 2941 oratores
913 2894 993 2942 atrox
1014 2904 1184 2962 responsum

236 2961 415 3018 retulerunt:
437 2961 461 3017 si
477 2959 592 3020 Volscis
607 2980 677 3038 ager
692 2961 869 3033 redderetur,
881 2983 963 3040 posse
979 2966 1027 3042 agi
1041 2965 1076 3022 dc
1091 2985 1184 3041 pace:

235 3041 260 3098 si
275 3039 372 3115 praeda
385 3039 454 3097 belli
465 3057 517 3115 per
531 3040 620 3097 otium
636 3039 693 3098 frui
705 3042 803 3112 velint,
815 3061 972 3100 memorem
985 3063 1017 3101 se
1032 3055 1060 3101 et
1073 3045 1184 3102 civium

187 3124 225 3179 35
236 3120 359 3196 injuriae,
388 3129 416 3176 et
444 3119 588 3195 hospitum
616 3119 750 3178 beneficii
777 3121 947 3179 adnisurum
976 3133 1008 3180 ut
1035 3133 1183 3200 appareat,

235 3199 337 3257 exsilio
364 3199 419 3256 sibi
445 3199 571 3256 irritatos
597 3217 653 3256 non
683 3199 790 3259 fractos
817 3202 929 3258 animos
956 3221 1030 3260 esse.
1072 3203 1185 3261 lterum

235 3278 338 3337 deinde
352 3278 439 3353 iidem
454 3279 534 3335 missi
555 3296 610 3336 non
625 3280 805 3356 recipiuntur
818 3281 849 3337 in
863 3291 969 3339 castra.
1011 3281 1184 3341 Sacerdotes

235 3378 359 3437 quoque,
381 3359 442 3416 suis
461 3358 621 3436 insignibus
644 3359 762 3430 velatos,
783 3365 839 3417 isse
863 3360 1011 3437 supplices
1031 3361 1067 3418 ad
1087 3373 1184 3420 castra

236 3439 369 3510 hostium,
384 3438 521 3496 traditum
536 3446 596 3494 est:
617 3438 815 3518 nihilomagis
833 3458 922 3515 quam
936 3440 1047 3517 legatos
1067 3442 1184 3499 flexisse

188 3527 223 3579 40
237 3519 377 3576 animum.
431 3515 496 3576 XL.
523 3515 603 3574 Tum
637 3528 775 3576 matronae
808 3519 845 3576 ad
872 3519 1036 3590 Veturiam,
1059 3530 1184 3578 matrem

236 3597 391 3668 Coriolani,
406 3597 654 3674 Volumniamque
669 3617 798 3668 uxorem,
812 3597 977 3675 frequentes
991 3609 1107 3656 coeunt.
1150 3599 1183 3658 Id

236 3675 386 3753 publicum
406 3677 560 3734 consilium
575 3696 612 3734 an
633 3677 784 3734 muliebris
804 3679 889 3734 timor
903 3677 999 3748 fuerit,
1020 3697 1126 3756 parum
1140 3679 1183 3736 iu·

236 3755 338 3812 venio:
360 3757 509 3831 pervicere
527 3766 613 3826 certe,
628 3765 661 3813 ut
674 3765 702 3813 et
715 3756 848 3825 Veturia,
860 3776 966 3834 magno
980 3767 1051 3816 natu
1064 3758 1182 3829 mulier,

235 3843 266 3892 et
279 3831 438 3890 Volumnia
451 3833 522 3891 duos
536 3851 640 3910 parvos
653 3853 690 3891 ex
705 3833 819 3892 Marcio
831 3834 927 3894 ferens
940 3837 1024 3907 filids,
1035 3856 1137 3895 secum
1151 3837 1182 3894 in
