2717 4292
198 304 258 366 184
428 255 432 262 ι
616 315 676 357 nrrr
697 315 771 357 amn

244 458 274 507 et
287 447 402 524 exquiri
416 447 508 522 pretia
522 445 559 504 ab
575 447 828 522 interrogantibus,
845 445 994 503 Romanus
1009 445 1081 504 civis
1096 446 1136 504 sis
1151 463 1189 503 an

229 526 368 587 -Latiuus
392 527 499 594 socius,
524 535 555 582 ut
577 545 614 582 ex
638 537 689 583 tua
712 518 886 582 contumelia
909 535 937 582 et
962 527 1078 586 miseria
1104 523 1188 582 alteri

243 604 513 680 honosquaeraturi
549 604 616 661 Non
628 613 679 676 tu;
701 605 725 661 si
740 604 856 680 quidem
870 603 907 660 L.
921 605 1034 661 AEmilii
1048 605 1186 674 consulis,
1276 649 1282 656 .

243 687 295 762 qni
308 704 340 742 se
359 685 432 741 bene
446 683 519 740 mori
540 701 628 758 quarn
649 684 773 759 turpiter
787 685 886 740 vivere
902 684 1013 752 maluit,
1029 692 1057 740 et
1077 693 1117 740 tot
1133 682 1187 739 for-

215 764 420 824 btissimorum
435 762 574 830 virorum,
589 763 640 836 qui
653 763 734 818 circa
748 781 816 818 eum
831 762 972 819 cumulati
984 763 1091 837 jacent,
1108 763 1189 819 cives

244 844 325 902 estis.
382 841 441 898 Sed
464 852 619 916 antequam
640 841 774 916 opprimit
802 841 853 898 lux
876 840 1041 916 majoraque
1063 840 1188 898 hostium

246 923 364 1000 agmina
385 920 542 995 obsaepiunt
564 920 627 987 iter,
643 937 695 995 per
716 919 776 988 hos,
792 920 843 995 qui
864 919 1017 976 inordinati
1037 929 1124 994 atque
1146 919 1187 976 in·

246 1001 394 1077 compositi
414 1000 581 1074 obstrepunt
604 999 701 1074 portis,
725 1016 924 1073 erumpamus
981 997 1072 1055 Ferro
1100 1007 1188 1073 atque

245 1079 370 1136 audacia
384 1079 433 1134 via
446 1078 479 1134 fit
499 1078 633 1153 quamvis
653 1096 706 1152 per
719 1075 862 1134 confertos
882 1076 993 1133 hostes:
1015 1095 1110 1134 cuneo
1124 1078 1187 1153 qui·

197 1162 233 1217 10
245 1157 311 1214 dem
324 1156 378 1214 hcc
399 1157 500 1214 laxum
522 1167 608 1232 atque
622 1157 748 1212 solutum
769 1173 884 1232 agmen,
901 1164 933 1213 ut
954 1156 978 1212 si
999 1155 1071 1212 nihil
1085 1157 1187 1226 obstet,

244 1235 390 1311 disjicias:
411 1236 510 1311 itaque
531 1238 570 1293 ite
591 1254 716 1304 mecum,
731 1235 781 1310 qui
802 1243 830 1290 et
851 1235 1055 1309 vosmetipsos
1075 1243 1105 1292 et
1126 1253 1189 1292 rem

245 1316 392 1391 publicam
412 1315 526 1371 salvam
546 1312 669 1371 vultis.''
711 1313 783 1370 Haec
804 1313 854 1369 ubi
875 1313 952 1370 dicta
972 1313 1057 1382 dedit,
1072 1313 1188 1390 stringit

199 1437 203 1443 .
244 1393 375 1470 gladium
390 1411 541 1469 cuneoque
563 1392 639 1449 iacto
654 1411 706 1468 per
720 1391 829 1449 medios
843 1392 922 1448 vadit
941 1392 1053 1448 hostes:
1075 1402 1189 1449 etcum

245 1473 276 1529 in
300 1473 377 1530 latus
399 1473 543 1540 dextrum,
566 1471 641 1547 quod
669 1471 792 1546 patebat,
815 1469 954 1527 Numidae
975 1470 1187 1545 jacularentur,

199 1556 235 1609 15
246 1551 393 1610 translatis
407 1552 436 1607 in
450 1550 583 1607 dextrum
604 1551 695 1606 scutis
716 1551 745 1605 in
765 1549 875 1625 majora
890 1560 986 1606 castra
1008 1549 1043 1605 ad
1057 1551 1189 1606 sexcenti

245 1640 410 1698 evaserunt,
435 1640 521 1704 atque
543 1627 609 1684 inde
631 1629 760 1702 protinus
783 1629 839 1685 alio
867 1647 913 1684 rna
935 1647 971 1684 no
998 1629 1115 1704 agmine
1140 1627 1187 1684 ad-

242 1709 344 1784 juncto
357 1708 518 1765 Canusium
532 1706 692 1763 incolumes
707 1709 888 1782 perveniunt.
952 1725 994 1763 aec
1006 1706 1081 1782 apud
1097 1708 1188 1764 victos

245 1787 338 1861 magis
352 1787 460 1861 impetu
475 1787 645 1854 animorum,
656 1802 743 1858 quem
755 1787 903 1862 ingenium
917 1804 1004 1842 suurn
1015 1786 1123 1861 cuique
1138 1796 1188 1843 aut

246 1863 304 1921 fors
321 1864 417 1933 dabat,
431 1883 520 1940 quam
541 1881 576 1921 ex
598 1864 719 1921 consilio
732 1866 862 1940 ipsorum
883 1873 933 1921 aut
953 1865 1073 1940 imperio
1089 1864 1187 1939 cujus-

195 1947 335 2021 20quam
350 1945 520 2020 agebantur.
606 2013 611 2021 ι

285 2022 337 2080 Ll.
361 2023 518 2080 Hannibali
540 2023 641 2079 victori
665 2041 733 2079 cum
754 2023 844 2079 ceteri
866 2019 1035 2080 circumfusi
1059 2021 1185 2097 gratula-

245 2112 346 2158 rentur
358 2101 579 2175 suaderentque,
596 2111 636 2169 ut,
651 2111 729 2158 tanto
750 2101 919 2177 perfunctus
940 2101 1023 2169 bello,
1039 2100 1096 2156 diei
1110 2099 1187 2176 quod

245 2180 390 2254 reliquum
404 2188 488 2248 esset,
503 2180 651 2254 noctisque
672 2181 850 2254 insequentis
865 2181 991 2254 quietem
1005 2188 1034 2236 et
1054 2180 1115 2254 ipse
1132 2180 1188 2236 sibi

245 2266 372 2313 sumeret
393 2267 421 2313 et
446 2256 529 2314 fessis
552 2258 634 2315 daret
655 2259 793 2315 militibus
805 2277 814 2330 ;
848 2258 1008 2327 Maharbal,
1032 2257 1187 2333 praefectus

195 2335 383 2412 25equitum,
399 2336 515 2392 minime
535 2336 708 2393 cessandum
728 2347 817 2406 ratus,
840 2338 962 2406 “immo,
978 2346 1018 2406 ut,
1040 2337 1109 2412 quid
1130 2338 1187 2395 hac

245 2433 343 2492 pugna
367 2415 404 2471 sit
428 2424 535 2484 actum,
560 2416 645 2484 scias,
668 2415 715 2472 die
737 2415 866 2491 quinto,''
890 2417 990 2491 inquit,
1014 2417 1185 2474 “victorin

244 2493 384 2569 Capitolio
411 2494 584 2570 epulaberis.
637 2494 786 2570 Sequere:
816 2513 884 2552 curn
911 2496 1016 2570 equite,
1046 2505 1078 2552 ut
1106 2496 1187 2571 prius

245 2574 358 2630 venisse
378 2592 467 2649 quarn
490 2582 645 2649 venturum
665 2575 766 2643 sciant,
789 2573 985 2649 praecedam.’'
1026 2573 1187 2632 Hannibali

245 2652 331 2709 nimis
354 2651 421 2710 laeta
444 2672 491 2709 res
514 2662 557 2710 est
582 2653 644 2710 visa
663 2653 820 2728 majorque,
843 2671 931 2728 quarn
954 2662 984 2710 ut
1003 2672 1068 2710 earn
1089 2654 1186 2711 statim

197 2733 235 2786 30
245 2749 349 2806 capere
370 2733 465 2788 animo
486 2739 597 2807 posset:
619 2733 724 2807 itaque,
741 2731 917 2788 voluntatem
937 2751 968 2788 se
987 2732 1108 2790 laudare
1124 2732 1185 2789 Ma-

245 2806 371 2864 harbalis
386 2809 433 2878 ait,
450 2809 485 2865 ad
506 2810 659 2866 consilium
679 2810 858 2887 pensandum
877 2811 1011 2886 temporis
1024 2830 1096 2887 opus
1110 2831 1184 2869 esse.

245 2883 323 2941 Tum
338 2885 507 2942 Maharbal:
530 2895 548 2921 “
560 2905 616 2944 non
630 2889 727 2946 omnia
740 2889 878 2946 nimirum
893 2889 986 2946 eidem
1000 2890 1039 2947 dii
1061 2889 1184 2947 dedere:

245 2963 362 3019 vincere
376 2965 443 3032 scis,
465 2963 622 3035 Hannibal,
635 2967 759 3024 ‘victoria
779 2968 820 3024 uti
845 2967 975 3025 nescis.''
1016 2968 1101 3025 Mora
1121 2969 1185 3045 ejus

244 3039 300 3097 diei
314 3042 383 3098 satis
397 3043 524 3099 creditur
538 3043 625 3100 saluti
641 3043 729 3102 fuisse
744 3047 809 3121 urbi
824 3056 909 3122 atque
924 3047 1054 3123 imperio.

196 3125 234 3179 ³5
283 3119 398 3178 Postero
418 3121 464 3178 die
486 3123 535 3178 ubi
555 3124 680 3197 primum
702 3125 806 3194 illuxit,
823 3125 859 3182 ad
880 3126 970 3201 spolia
990 3126 1115 3202 legenda
1133 3124 1184 3184 foe.

243 3197 367 3276 demque
399 3201 485 3258 etiam
517 3201 645 3259 hostibus
669 3204 855 3278 spectandam
882 3215 1009 3281 stragem
1037 3206 1183 3263 insistunt.

243 3277 260 3334 J
263 3281 383 3336 acebant
391 3289 431 3337 tot
445 3279 640 3338 Romanorum
654 3283 756 3351 millia,
767 3283 875 3358 pedites
889 3285 995 3360 passim
1004 3285 1182 3360 equitesque,

244 3368 275 3416 ut
289 3378 375 3435 quem
389 3360 495 3435 cuique
510 3359 567 3416 fors
588 3370 638 3417 aut
651 3379 750 3438 pugna
760 3363 898 3437 junxerat
928 3369 979 3418 aut
1003 3361 1083 3440 fuga.
1127 3363 1184 3420 As·

243 3449 394 3514 surgentes
417 3439 534 3514 quidam
554 3458 591 3496 ex
617 3449 714 3516 strage
736 3440 830 3497 media
850 3442 972 3510 cruenti,
994 3460 1066 3517 quos
1084 3442 1186 3499 stricta

199 3517 381 3572 lomatutino
406 3515 510 3592 frigore
531 3519 729 3576 excitaverant
743 3520 874 3589 vulnera,
898 3520 934 3576 ab
955 3521 1034 3577 hoste
1056 3521 1186 3596 oppressi

242 3603 318 3649 sunt.
379 3594 527 3659 Quosdam
555 3606 583 3652 et
610 3597 741 3672 jacentes
769 3615 849 3654 vivos
877 3599 1000 3656 succisis
1029 3597 1186 3656 feminibus

242 3671 450 3746 poplitibusque
472 3675 652 3743 invenerunt,
667 3674 809 3732 nudantes
823 3678 970 3734 cervicem
987 3677 1186 3754 jugulumque

240 3755 270 3801 et
284 3748 427 3820 reliquum
441 3753 614 3826 sanguinem
624 3753 759 3828 jubentes
773 3754 901 3812 haurire.
937 3755 1051 3814 Inventi
1065 3756 1186 3832 quidam

243 3827 312 3876 sunt
328 3826 429 3881 mersis
448 3827 478 3882 in
492 3828 624 3886 effossam
645 3839 753 3889 terram
773 3833 925 3908 capitibus,
940 3853 1013 3914 quos
1033 3823 1187 3913 sibiipsae
