2717 4292
462 275 548 314 ursas
565 276 627 315 xxa
665 276 731 317 car.
749 278 855 318 imvm.
1094 268 1153 332 129

162 406 258 483 ipsum
283 402 480 462 Hannibalem
505 423 557 481 per
575 401 730 483 superiora
748 407 820 465 Padi
843 406 919 466 vada
945 411 1108 469 exercitum
1132 451 1135 455 ι

162 483 336 553 traduxisse,
348 484 509 559 elephantis
521 485 549 539 in
562 486 691 543 ordinem
705 486 741 544 ad
755 488 955 545 sustinendum
968 491 1107 567 impetum

162 563 292 621 fluminis
305 563 450 639 oppositis.
493 562 539 620 Ea
557 565 656 639 peritis
676 567 769 623 amnis
781 567 847 642 ejus
860 569 909 624 vix
923 568 1010 627 fidem
1031 569 1107 627 fece-

162 644 239 714 rint3
263 660 333 699 nam
357 660 452 717 neque
476 644 589 718 equites
610 646 699 701 armis
720 646 861 722 equisque
884 647 975 704 salvis
994 659 1107 718 ,tantam
1190 706 1194 712 ,

162 722 223 777 vim
245 721 374 778 fluminis
397 738 548 797 superasse
570 723 727 780 verisimile
751 734 803 794 est,
825 735 857 782 ut
877 726 939 801 jam
963 726 1137 804 Hispanosb

161 819 264 858 omnes
288 800 380 856 inflati
402 802 613 859 transvexerint
635 812 734 874 utres3
764 813 793 861 et
817 804 975 861 multorum
995 806 1108 863 dierum

162 879 292 936 circuitu
314 878 385 935 Padi
399 878 474 936 vada
495 879 617 955 petenda
638 880 829 958 fuerintque
849 885 996 941 exercitus
1009 887 1109 963 gravis

162 957 377 1035 impedimentis
391 957 504 1015 traduci
525 969 627 1034 posset.
670 960 797 1018 Potiores
811 962 888 1038 apud
909 980 955 1020 me
975 973 1108 1022 auctores

162 1047 241 1105 sunt,
256 1037 308 1113 qui
323 1036 409 1093 biduo
423 1037 472 1113 vix
486 1037 582 1094 locum
598 1047 659 1096 rate
669 1039 819 1115 jungendo
832 1042 945 1100 flumini
958 1042 1108 1099 inventum

162 1116 301 1187 tradunt3
324 1134 360 1172 ea
380 1134 449 1173 cum
470 1115 593 1193 Magone
614 1120 726 1193 equites
747 1118 942 1195 Hispanorum
962 1122 1154 1197 expedit0s10

163 1195 338 1270 praemissos.
392 1194 471 1252 Dum
493 1195 650 1265 Hannibal,
673 1198 754 1255 circa
781 1200 889 1256 flumen
917 1200 1108 1277 legationibus

164 1273 320 1331 Gallorum
351 1274 500 1331 audiendis
527 1284 665 1345 moratus,
690 1277 798 1351 trajicit
830 1279 950 1354 gravius
980 1279 1107 1356 peditum

164 1371 280 1429 agmen,
296 1354 411 1409 interim
425 1352 512 1431 Mago
533 1355 702 1431 equitesque
718 1353 757 1413 ab
766 1358 890 1413 transitu
911 1359 1038 1415 fluminis
1050 1358 1107 1416 diei

164 1432 253 1489 unius
267 1432 370 1490 itinere
385 1432 562 1490 Placentiam
577 1432 612 1489 ad
627 1434 722 1491 hostes
731 1434 917 1492 contendunt.
958 1432 1108 1493 Hannibal

163 1511 267 1587 paucis
282 1520 344 1587 post
364 1510 465 1568 diebus
484 1531 536 1569 sex
556 1512 648 1569 millia
663 1503 844 1571 a‘Placentia
862 1523 958 1571 castra
977 1522 1156 1575 commu-15
1254 1510 1260 1527 ¹

163 1591 247 1659 nivit,
270 1600 299 1648 et
321 1600 430 1667 postero
452 1590 507 1661 die,
529 1592 559 1647 in
582 1602 739 1668 conspectu
759 1592 884 1649 hostium
906 1593 968 1650 acie
989 1593 1107 1663 directa,

164 1678 334 1746 potestatem
349 1688 453 1746 pugnae
468 1668 546 1727 fecit.

206 1747 345 1807 XLVIII.
369 1748 534 1826 Insequenti
556 1760 639 1807 nocte
662 1749 757 1807 caedes
770 1750 811 1831 ‚iu
833 1751 938 1808 castris
959 1750 1106 1822 Romanis,

163 1828 294 1885 tumultu
315 1837 413 1885 tamen
436 1847 525 1903 quam
550 1847 580 1885 re
608 1830 709 1905 major,
732 1830 769 1887 ab
792 1831 985 1888 auxiliaribus
1013 1830 1108 1889 Gallis

164 1906 244 1965 facta
258 1917 311 1965 est.
353 1906 401 1964 Ad
415 1907 472 1964 duo
486 1907 578 1964 miIIIa
592 1908 719 1984 peditum
733 1918 761 1965 et
775 1908 891 1967 ducenti
904 1910 1023 1985 equites,
1035 1910 1107 1987 vigi·
1118 1916 1156 1970 20

164 1987 242 2044 libus
265 1986 302 2043 ad
325 1998 419 2064 portas
440 1986 598 2057 trucidatio,
614 1988 650 2045 ad
673 1987 870 2045 Hannibalem
891 1986 1106 2065 transfugiunt3

163 2084 237 2141 quos
256 2065 366 2123 Poenus
384 2066 507 2142 benigne
522 2066 674 2138 allocutus
689 2076 718 2124 et
732 2086 781 2143 spe
795 2068 955 2144 ingentium
969 2068 1107 2125 donorum

164 2163 313 2215 accensos,
328 2146 359 2201 in
374 2146 504 2203 clvitates
517 2164 661 2221 quemque
676 2165 746 2203 suas
759 2145 796 2203 ad
812 2146 1007 2204 sollicitandos
1020 2166 1107 2223 popu-

55 2298 57 2305 .
163 2224 273 2281 larium
288 2226 398 2282 animos
412 2224 528 2281 dimisit.
570 2223 675 2302 Scipio,
691 2225 799 2283 caedem
814 2244 879 2284 eam
899 2227 1015 2304 signum
1029 2226 1105 2283 dese-

164 2304 268 2361 ctionis
285 2305 415 2361 omnium
430 2303 582 2361 Gallorum
596 2324 658 2363 esse
673 2314 762 2375 ratus,
777 2314 979 2382 contactosque
998 2326 1032 2363 eo
1045 2325 1107 2363 sce·
1118 2310 1156 2364 25

163 2382 226 2440 lere
241 2383 322 2440 velut
335 2384 443 2459 injecta
457 2384 536 2439 rabie
556 2382 592 2440 ad
607 2402 689 2441 arma
704 2385 803 2453 ituros,
818 2404 995 2460 quamquam
1010 2387 1108 2462 gravis

165 2462 262 2520 adhuc
277 2462 398 2519 vulnere
412 2471 483 2531 erat,
498 2471 595 2519 tamen
615 2472 720 2538 quarta
733 2464 835 2539 vigilia
848 2465 940 2521 noctis
953 2464 1105 2538 Insequen-

163 2542 201 2599 tis
221 2542 310 2599 tacito
331 2543 446 2619 agmine
468 2539 613 2617 profectus
634 2542 669 2599 ad
689 2542 830 2598 Trebiam
848 2542 979 2610 fluvium,
994 2542 1055 2615 jam
1077 2542 1107 2598 in

164 2620 230 2679 loca
256 2621 359 2679 altiora
382 2620 528 2695 collesque
553 2620 747 2696 impeditiores
771 2619 860 2694 equiti
882 2628 979 2676 eastra
1000 2630 1105 2675 movet.

166 2699 266 2757 Minus
289 2719 378 2777 quam
403 2700 439 2757 ad
463 2698 602 2757 Ticinum
628 2697 748 2770 fefellit3
781 2697 932 2773 missisque
960 2695 1107 2755 Hannibal
1119 2704 1156 2758 30

165 2781 292 2856 primum
312 2779 458 2850 Numidis,
474 2778 575 2835 deinde
597 2778 675 2835 omni
695 2777 833 2854 equitatu,
847 2776 991 2833 turbasset
1008 2776 1108 2851 utique

165 2860 356 2917 novissimum
376 2876 489 2936 agmen,
504 2858 535 2914 ni
550 2857 685 2915 aviditate
706 2854 811 2933 praedae
823 2856 854 2913 in
868 2874 963 2913 vacua
977 2854 1109 2913 Romana

166 2948 263 2996 eastra
276 2937 414 3003 Numidae
428 2937 626 2993 devenissent.
668 2936 711 2994 Ibi
725 2936 804 3005 dum,
816 2944 1031 3011 perscrutantes
1045 2935 1109 2993 loca

165 3018 264 3075 omnia
287 3027 457 3085 castrorum,
472 3015 553 3072 nullo
575 3016 644 3072 satis
666 3014 753 3092 digno
772 3033 860 3072 morae
882 3016 972 3091 pretio
995 3025 1109 3091 tempus

166 3106 272 3166 terunt,
287 3098 411 3154 emissus
431 3095 518 3152 hostis
532 3103 576 3151 est
589 3093 624 3151 de
639 3095 792 3166 manibus3
814 3103 844 3151 et
861 3113 930 3151 cum
941 3094 1003 3170 jam
1017 3104 1108 3152 trans-
1119 3098 1157 3152 35

166 3194 280 3251 gressos
301 3174 440 3234 Trebiam
455 3172 601 3231 Romanos
621 3183 819 3249 metantesque
837 3183 932 3230 castra
946 3174 1108 3250 conspexis-

91 3311 99 3333 ‚
166 3263 237 3325 sent,
253 3273 363 3331 paucos
383 3261 559 3311 moratorum
580 3252 747 3310 occiderunt
768 3252 842 3310 citra
862 3252 970 3308 flumen
986 3252 1106 3308 interce-

167 3342 237 3410 ptos.
276 3333 375 3410 Scipio
388 3352 443 3390 nec
455 3332 635 3389 vexationem
648 3332 778 3389 vulneris
791 3330 822 3386 in
836 3330 884 3386 via
895 3330 1017 3405 jactanti
1032 3329 1108 3386 ultra

167 3414 286 3489 patiens,
301 3422 330 3470 et
350 3411 594 3489 collegam-jam
614 3411 692 3467 enim
712 3419 742 3467 et
761 3417 929 3465 revocatum
949 3426 986 3465 ex
1006 3406 1109 3464 Sicilia

117 3546 121 3555 ,
167 3491 421 3549 audierat-ratus
442 3488 678 3566 exspectandum,
694 3488 800 3555 locum,
819 3487 870 3561 qui
892 3503 979 3562 prope
1001 3487 1108 3542 flumen
1120 3491 1157 3545 4⁰

168 3571 327 3628 tutissimus
351 3570 462 3628 stativis
483 3577 526 3626 est
546 3569 635 3637 visus,
657 3567 801 3624 delectum
823 3565 1001 3621 communiit.
1042 3562 1109 3622 Nec

167 3650 266 3727 procul
287 3638 354 3707 iride
375 3647 524 3706 Hannibal
539 3666 607 3703 cum
628 3645 812 3712 consedisset,
827 3655 968 3719 quantum
990 3643 1110 3701 victoria

169 3730 293 3803 equestri
316 3727 419 3797 elatus,
441 3737 552 3785 tantum
575 3726 679 3781 anxius
700 3723 803 3798 iuopia,
823 3740 889 3797 quae
913 3740 964 3798 per
982 3722 1108 3779 hostium

167 3826 251 3885 agros
264 3816 393 3876 euntem,
404 3826 549 3883 nusquam
565 3803 733 3881 praeparatis
747 3802 962 3871 commeatibus,
974 3801 1066 3878 major
1079 3803 1110 3861 in
