2717 4292
207 288 264 350 120
625 290 684 333 rrrr
704 288 779 331 mvn

256 422 293 485 ab
306 424 444 495 hostibus,
459 440 645 500 quacumque
666 420 842 490 incederent,
857 420 927 495 quia
940 420 1063 479 insuetis
1076 420 1204 482 adeundi

255 505 372 582 propius
386 513 481 561 metus
495 510 566 571 erat,
582 519 693 579 agmen,
702 499 877 576 praebebant.

295 582 381 641 Nono
401 582 447 639 die
470 582 501 639 iu
519 580 626 657 jugum
648 577 771 656 Alpium
791 588 962 654 perventum
984 589 1037 650 est,
1052 599 1104 657 per
1122 582 1205 639 invia

256 662 394 740 pleraque
418 672 446 719 et
469 679 589 729 errores,
612 678 684 734 quos
707 668 758 715 aut
779 658 948 715 ducentium
971 657 1061 728 fraus,
1077 670 1136 730 aut,
1153 662 1204 719 ubi

227 741 327 800 blidas
342 742 377 797 iis
391 758 447 798 non
459 748 543 808 essct,
554 726 662 795 iemere
676 738 755 794 initae
769 737 862 793 valles
876 756 894 793 a
907 736 1137 812 conjectantibus
1149 741 1205 797 iter

257 819 412 877 faciebant.
442 818 569 876 Biduum
584 818 613 874 in
625 816 697 893 jugo
711 817 816 873 stativa
830 816 937 885 habita,
950 815 1090 892 fessisque
1105 818 1204 876 labore

257 919 292 957 ac
315 898 470 975 pugnando
493 898 576 973 quies
598 896 665 953 data
687 896 843 951 militibus:
870 894 1059 971 jumentaque
1083 896 1204 973 aliquot,

258 997 324 1055 quae
339 978 472 1054 prolapsa
486 977 515 1033 in
530 974 650 1051 rupibus
668 984 761 1044 erant,
776 974 922 1050 sequendo
936 976 1058 1051 vestigia
1079 978 1205 1052 agminis

257 1058 287 1114 in
304 1065 400 1116 castra
412 1074 580 1133 pervenere.
617 1052 716 1128 Fessis
726 1053 809 1110 taedio
819 1063 860 1110 tot
869 1054 1013 1111 malorum
1027 1056 1102 1114 nivis
1116 1056 1206 1113 etiam

210 1139 246 1195 10
258 1155 352 1205 casus,
368 1134 516 1192 occidente
537 1134 598 1210 jam
612 1132 707 1189 sidere
721 1132 932 1209 Vergiliarum,
946 1133 1094 1210 ingentem
1114 1144 1204 1193 terro-

258 1234 320 1271 rem
340 1214 454 1289 adjecit.
497 1212 553 1271 Per
570 1212 666 1270 omnia
685 1212 752 1284 nive
764 1212 893 1288 ¹oppleta,
909 1230 978 1269 cum
999 1214 1090 1291 signis
1111 1216 1207 1288 prima

257 1292 325 1351 luce
340 1294 423 1350 motis
438 1294 565 1370 segniter
580 1309 685 1368 agmen
704 1290 859 1361 incederet,
873 1292 1048 1368 pigritiaque
1063 1303 1092 1350 et
1105 1292 1205 1370 despe-

257 1373 330 1429 ratio
345 1372 374 1428 in
389 1372 518 1429 omnium
533 1370 616 1428 vultu
631 1370 781 1439 emineret,
795 1388 974 1447 praegressus
987 1372 1072 1447 signa
1091 1370 1205 1430 Hanni-

258 1452 306 1509 bal
320 1452 351 1509 in
365 1450 556 1529 promontorio
569 1449 703 1526 quodam,
720 1447 795 1507 unde
816 1449 901 1526 longe
916 1449 1023 1507 aelate
1038 1461 1208 1527 prospectus

211 1535 247 1589 15
258 1541 330 1601 erat,
345 1531 502 1588 consistere
519 1528 609 1605 jussis
623 1528 764 1586 militibus
777 1527 892 1588 Italiam
912 1538 1035 1587 ostentat
1048 1530 1206 1606 subjectos-

258 1629 315 1687 que
331 1608 447 1687 Alpinis
466 1610 608 1666 montibus
622 1606 869 1685 Circumpadanos
882 1626 1015 1685 campos:
1037 1611 1206 1686 moeniaque

258 1708 308 1746 eos
329 1698 392 1745 tum
414 1687 619 1745 transcendere
642 1705 700 1743 non
722 1686 815 1744 Italiae
834 1687 926 1757 modo,
941 1686 992 1745 sed
1014 1688 1102 1744 etiam
1125 1690 1208 1748 urbis

259 1766 408 1825 Romanae.
451 1764 556 1823 Cetera
570 1764 667 1843 plana,
682 1765 822 1841 proclivia
837 1765 905 1837 sore,
921 1785 979 1824 uno
993 1777 1044 1825 aut
1057 1786 1207 1826 summum

259 1845 349 1903 altero
364 1844 465 1921 proelio
488 1863 595 1902 arcem'
607 1853 635 1901 et
656 1855 744 1921 caput
758 1844 850 1903 Italiae
863 1846 893 1901 in
914 1865 1003 1915 manu
1018 1865 1053 1903 ac
1067 1857 1207 1923 potestate

210 1925 415 1985 20habituros.
459 1922 618 1982 Procedere
643 1924 710 1981 inde
735 1943 841 2001 agmen
865 1926 962 2001 coepit,
982 1925 1044 2000 jam
1067 1926 1141 1984 nihil
1168 1946 1207 1985 ne

259 2004 387 2062 hostibus
405 2003 522 2080 quidem
542 2014 646 2080 praeter
666 2022 756 2080 parva
779 2003 856 2061 furta
870 2023 922 2080 per
942 2006 1124 2062 occasionem
1145 2016 1206 2064 ten-

258 2084 394 2141 tantibus.
437 2083 574 2141 Ceterum
589 2084 644 2140 iter
658 2083 749 2140 multo
763 2102 852 2158 quam
865 2084 896 2139 in
915 2102 1039 2141 ascensu
1054 2082 1159 2155 fuerat,
1175 2094 1209 2144 ut

258 2164 398 2238 pleraque
421 2162 544 2238 Alpium
567 2163 604 2219 ab
626 2162 711 2219 ltalia
733 2163 808 2219 siout
832 2162 962 2220 breviora
986 2163 1027 2221 ita
1049 2165 1208 2222 arrectiora

259 2250 335 2310 sunt,
360 2241 508 2298 difficilius
534 2240 597 2299 fuit.
641 2241 745 2298 Omnis
773 2241 851 2298 enim
875 2240 965 2299 ferme
993 2243 1042 2299 via
1066 2261 1206 2320 praeceps,

173 2322 181 2341 ¹
210 2326 248 2379 25
260 2328 392 2397 angusta,
407 2320 522 2378 lubrica
542 2330 614 2391 erat,
629 2330 662 2378 ut
682 2339 777 2396 neque
797 2321 940 2379 sustinere
960 2340 992 2379 se
1007 2341 1024 2379 a
1038 2322 1122 2398 lapsu
1143 2342 1207 2399 pos.

259 2408 331 2469 sent,
346 2418 410 2469 nec,
425 2400 476 2475 qui
497 2398 617 2476 paulum
638 2400 817 2470 titubassent,
832 2400 944 2457 haerere
965 2400 1065 2459 afflicti
1085 2398 1208 2479 vesti'gio

259 2498 320 2547 suo,
333 2478 440 2555 aliique
456 2496 543 2558 super
558 2478 637 2548 alios,
649 2488 678 2535 et
688 2478 822 2555 jumenta
836 2488 864 2537 et
877 2479 1016 2550 homines,
1028 2480 1206 2539 occiderent.

184 2578 232 2647 γ
260 2556 400 2616 XXXVI.
423 2556 553 2616 Ventum
577 2558 680 2616 deinde
704 2558 740 2615 ad
762 2558 853 2616 multo
875 2560 1069 2635 angustiorem
1092 2579 1206 2636 rupem,

172 2644 183 2662 ‘
260 2647 346 2714 atque
368 2638 409 2695 ita
430 2639 517 2696 rectis
537 2639 624 2708 saxis,
641 2648 673 2695 ut
688 2656 766 2716 aegrc
780 2637 930 2714 expeditus
950 2639 1035 2696 miles
1054 2640 1206 2697 tentabun-

210 2722 248 2776 ³0
259 2716 314 2774 dus
328 2718 518 2795 manibusque
533 2718 660 2775 retinens
674 2715 802 2793 virgulta
817 2736 852 2774 ac
866 2717 969 2793 stirpes
983 2718 1064 2776 circa
1077 2719 1206 2775 eminen-

259 2806 303 2853 tes
313 2796 462 2854 demittere
477 2816 540 2854 sese
553 2806 656 2873 posset.
699 2796 816 2854 Natura
828 2796 911 2854 locus
921 2797 983 2872 jam
995 2806 1061 2854 ante
1076 2816 1207 2873 praeceps

260 2876 371 2932 recenti
392 2874 475 2951 lapsu
490 2888 575 2933 terrae
595 2876 625 2932 in
640 2876 745 2952 pedum
760 2875 840 2932 mille
855 2874 1008 2933 admodum
1024 2876 1216 2934 altitudinem

260 2952 400 3028 abruptus
414 2963 486 3011 erat.
529 2953 572 3012 Ibi
593 2973 661 3012 cum
676 2955 757 3012 velut
778 2954 814 3011 ad
834 2954 922 3012 linem
937 2956 992 3013 viae
1013 2956 1125 3031 equites
1138 2975 1205 3013 oon-

260 3032 405 3102 stitissent,
427 3032 544 3091 miranti
564 3032 733 3104 Hannibali,
753 3052 819 3110 quae
839 3052 887 3091 res
907 3044 1070 3092 moraretur
1091 3054 1206 3111 agmen,
1283 3030 1288 3041 '

211 3115 249 3171 35
260 3112 411 3169 nuntiatur
424 3130 526 3188 rupem
547 3112 656 3170 inviam
677 3132 750 3170 esse.
792 3110 950 3189 Digressus
969 3113 1072 3171 deinde
1093 3115 1155 3191 ipse
1170 3115 1207 3173 ad

260 3190 357 3248 locum
369 3191 537 3249 visendum:
559 3190 737 3250 hauddubie
750 3210 797 3249 res
808 3193 871 3249 visa
884 3193 956 3269 quin
969 3211 1022 3269 per
1031 3194 1111 3250 invia
1125 3194 1207 3253 circa

259 3289 315 3328 nec
339 3271 407 3329 trita
435 3281 529 3342 antea,
552 3272 686 3348 quamvis
714 3271 799 3347 longo
828 3271 947 3342 ambitu,
972 3272 1208 3331 circumduceret

262 3370 378 3429 agmen.
420 3350 467 3407 Ea
481 3369 549 3409 vero
568 3352 616 3409 via
629 3350 834 3428 insuperabilis
849 3349 920 3408 fuit:
941 3370 1020 3421 nam,
1035 3370 1104 3409 cum
1118 3370 1208 3428 super

260 3440 388 3487 veterem
410 3431 507 3488 nivem
529 3432 667 3488 intactam
691 3448 767 3486 nova
790 3430 912 3487 modicae
936 3430 1096 3489 altitudinis
1121 3441 1207 3497 esset,

212 3512 249 3567 40
261 3509 340 3566 molli
361 3528 417 3567 nec
440 3508 558 3586 peraltae
573 3508 659 3567 facile
673 3509 760 3584 pedes
780 3508 1005 3585 ingredientium
1018 3509 1207 3568 insistebant:

261 3598 292 3645 ut
306 3606 375 3645 vero
389 3598 428 3646 tot
449 3590 597 3646 hominum
615 3588 870 3664 jumentorumque
891 3590 1008 3647 incessu
1027 3588 1140 3665 dilapsa
1153 3600 1207 3660 est,

260 3686 312 3745 per
325 3667 433 3724 nudam
448 3666 523 3725 infra
543 3667 668 3745 glaciem
690 3668 884 3742 fluentemque
902 3669 999 3725 tabem
1019 3668 1208 3745 liquescentis

260 3746 336 3803 nivis
349 3746 595 3823 ingrediebantur.
637 3746 729 3804 Tetra
742 3746 782 3803 ibi
796 3745 916 3805 luctatio
930 3757 1002 3817 erat,
1013 3758 1047 3806 ut
1060 3768 1078 3806 a
1091 3747 1210 3807 lubrica

260 3823 355 3901 glacie
377 3843 434 3881 non
455 3825 611 3903 recipiente
635 3825 799 3903 vestigium,
814 3835 843 3883 et
864 3826 895 3884 in
917 3845 1007 3904 prono
1028 3828 1116 3887 citius
1133 3827 1209 3905 pede
