2717 4292
208 295 247 355 92
631 310 690 351 τιτι
711 307 784 349 mvn

259 438 412 519 pollicitus,
441 440 583 497 incubans
610 440 721 511 cortici,
750 438 878 497 secundo
905 438 1008 497 Tiberi
1035 437 1072 495 ad
1100 437 1205 497 urbem

258 520 404 578 defertur:
426 519 502 589 inde,
517 537 575 594 qua
592 520 756 596 proximum
771 519 825 577 fuit
839 537 857 576 a
872 521 944 596 ripa,
959 537 1011 595 per
1025 528 1205 593 praeruptum

258 618 349 674 eoque
363 599 530 675 neglectum
551 600 675 656 hostium
695 600 843 669 custodiae,
858 617 963 655 saxum
982 598 1014 654 in
1027 597 1203 673 Capitolium

258 678 363 748 evadit,
385 689 414 735 et
434 677 470 735 ad
491 680 678 755 magistratus
698 678 804 736 ductus
824 677 960 736 mandata
973 678 1119 734 exercitus
1132 676 1202 734 edit.

228 758 388 835 bAccepto
409 757 476 815 inde
490 768 608 815 senatus
622 757 763 827 consulto,
779 758 821 815 uti
842 758 966 815 comitiis
985 756 1107 815 curiatis
1120 774 1203 813 revo-

257 846 341 895 catus
361 835 396 893 de
413 837 516 894 exsilio
536 837 621 913 jussu
642 837 740 913 populi
761 835 904 894 Camillus
923 836 1045 893 dictator
1058 834 1204 911 extemplo

257 916 412 985 diceretur,
427 916 589 993 militesque
604 916 744 973 haberent
763 916 965 992 imperatorem
982 933 1069 991 quem
1082 914 1202 985 vellent,

256 994 359 1052 eadem
379 995 528 1072 digressus
548 996 667 1052 nuntius
687 994 777 1052 Veios
798 994 961 1053 contendit:
989 994 1128 1069 missique
1142 993 1202 1050 Ar.

256 1073 341 1131 deam
363 1074 452 1150 legati
476 1073 510 1131 ad
534 1074 701 1146 Camillum,
716 1073 807 1132 Veios
827 1092 896 1131 eum
916 1073 1091 1150 perduxere,
1108 1091 1204 1130 seu-

209 1156 245 1211 10
256 1152 332 1228 quod
346 1152 439 1229 magis
453 1152 572 1211 credere
594 1153 672 1223 libet,
694 1171 752 1210 non
766 1153 847 1230 prius
861 1152 1022 1229 profectum
1039 1152 1075 1209 ab
1089 1151 1202 1221 Ardea,

202 1252 203 1255 ¹
256 1250 345 1307 quarn
372 1232 512 1308 comperit
538 1233 634 1309 legem
659 1232 759 1302 latam,
787 1232 863 1308 quod
886 1251 942 1289 neo
965 1231 1079 1307 injussu
1103 1231 1203 1307 populi

255 1311 364 1368 mutari
378 1310 485 1369 finibus
499 1322 602 1387 posset,
617 1330 672 1369 nec
693 1312 750 1369 nisi
764 1310 886 1369 dictator
899 1310 1003 1380 dictus,
1017 1310 1150 1386 auspicia
1169 1310 1203 1367 iu

253 1391 387 1524 quercitu
406 1389 603 1448 habero-lex
618 1390 732 1448 curiata
752 1390 812 1447 lata
826 1400 878 1462 est,
897 1390 1076 1465 dictatorque
1096 1390 1203 1447 absens

275 1468 360 1527 ictus.

207 1552 244 1607 15
296 1546 420 1607 XLVII.
444 1547 524 1605 Dum
538 1548 601 1607 haec
615 1548 698 1607 Veiis
712 1548 882 1625 agebantur,
897 1548 1013 1606 interim
1028 1565 1081 1604 arx
1098 1546 1204 1606 Romae

255 1625 486 1703 Capitoliumque
510 1628 539 1684 in
561 1629 672 1703 ingenti
693 1627 823 1704 periculo
844 1626 909 1684 suit.
950 1627 1087 1702 Namque
1109 1625 1202 1697 Galli,

255 1724 308 1762 seu
331 1707 451 1781 vestigio
465 1716 560 1763 notato
573 1706 709 1775 humano,
725 1725 784 1781 qua
797 1708 917 1764 nuntius
930 1725 949 1763 a
963 1706 1048 1763 Veiis
1061 1723 1201 1781 pervene-

255 1792 308 1852 rat,
330 1802 382 1840 seu
403 1803 458 1841 sua
477 1793 577 1861 sponte
600 1784 800 1843 animadverso
820 1786 856 1842 ad
880 1785 1043 1844 Carmentis
1063 1803 1202 1841 saxorum

255 1878 378 1919 ascensu
399 1881 490 1942 aequo,
505 1874 589 1921 nocte
610 1864 759 1935 sublustri,
781 1884 850 1922 cum
871 1865 963 1941 primo
983 1866 1133 1933 inermem,
1148 1865 1202 1939 qui

205 1946 244 2001 20
255 1947 377 1999 tentaret
390 1942 477 2012 viam,
493 1943 707 2019 praemisissent,
718 1943 863 2001 tradentes
876 1943 943 2002 inde
958 1962 1050 2014 arma,
1065 1944 1115 2000 ubi
1128 1942 1202 2019 quid

254 2018 346 2097 iniqui
361 2031 444 2091 esset,
460 2022 563 2079 alterni
583 2023 675 2079 innixi
690 2023 932 2099 sublevantesque
953 2024 1079 2082 invicem
1093 2032 1122 2080 et
1141 2032 1196 2079 tra

254 2097 356 2157 hentes
370 2100 420 2157 alii
441 2101 521 2171 alios,
540 2111 624 2178 prout
645 2102 802 2179 postularet
820 2103 911 2172 locus,
933 2111 1011 2160 tanto
1033 2102 1146 2159 silentio
1168 2102 1201 2158 in

254 2196 401 2235 summum
415 2198 544 2250 evasere,
561 2191 592 2239 ut
612 2199 669 2239 non
684 2181 816 2240 custodes
829 2181 923 2239 solum
938 2181 1081 2250 fallerent,
1095 2180 1146 2238 sed
1161 2200 1200 2237 ne

254 2274 342 2313 canes
361 2257 677 2331 quidem-sollicitum
692 2260 800 2317 animal
822 2260 858 2317 ad
883 2271 1038 2319 nocturnos
1061 2260 1200 2336 strepitus

206 2336 464 2395 zb—excitareut.
505 2337 636 2396 Anseres
659 2358 717 2396 non
741 2338 881 2410 fefellere,
903 2340 1018 2415 quibus,
1033 2340 1126 2397 sacris
1145 2338 1198 2396 Ju-

254 2414 330 2483 noni,
346 2415 375 2471 in
390 2435 505 2473 summa
527 2418 623 2494 inopia
637 2419 695 2477 cibi
716 2428 814 2476 tamen
835 2419 1049 2477 abstinebatur:
1071 2436 1200 2493 quaeres

254 2493 341 2551 saluti
366 2492 437 2552 fuit:
458 2513 584 2572 namque
609 2497 747 2576 clangore
768 2516 870 2556 eorum
892 2498 1064 2574 alarumque
1085 2497 1199 2574 crepitu

254 2574 367 2631 excitus
388 2573 429 2631 M.
446 2574 583 2646 Manlius,
602 2578 652 2653 qui
672 2578 796 2635 triennio
816 2588 882 2635 ante
903 2576 1004 2635 consul
1026 2575 1130 2646 fuerat,
1152 2577 1199 2634 vir

255 2652 330 2711 bello
343 2655 487 2732 egregius,
500 2657 588 2713 armis
603 2658 734 2733 arreptis,
743 2657 830 2714 simul
846 2655 882 2713 ad
897 2675 979 2714 arma
989 2666 1101 2713 ceteros
1114 2656 1199 2713 ciens

205 2736 244 2792 ³0
255 2732 350 2791 vadit:
381 2744 417 2804 et,
446 2734 516 2791 dum
544 2737 634 2793 ceteri
661 2736 812 2811 trepidant,
841 2735 972 2807 Gallum,
1000 2735 1051 2811 qui
1075 2735 1138 2811 jam
1166 2736 1199 2791 in

254 2831 367 2869 summo
380 2814 554 2883 constiterat,
570 2815 695 2873 umbone
712 2817 802 2873 ictum
816 2814 961 2873 deturbat.
1002 2814 1096 2890 Cujus
1110 2832 1199 2872 casus

254 2890 380 2966 prolapsi
394 2909 462 2947 curn
483 2892 627 2969 proximos
645 2904 794 2965 sterneret,
809 2894 984 2971 trepidantes
998 2894 1080 2963 alios,
1095 2894 1197 2950 armis-

254 2986 311 3044 que
324 2970 438 3027 omissis
451 2989 530 3041 sexa,
545 2974 651 3047 quibus
671 2973 865 3044 adhaerebant,
883 2973 1018 3031 manibus
1039 2972 1197 3049 amplexos,

253 3046 407 3107 trucidant.
449 3049 574 3127 Jamque
589 3061 617 3110 et
639 3053 690 3110 alii
706 3054 874 3130 congregati
893 3053 960 3111 telis
980 3052 1198 3127 missilibusque

205 3126 333 3185 bbsaxis
357 3129 526 3204 proturbare
547 3130 651 3202 hostes,
676 3133 819 3208 ruinaque
839 3141 898 3190 tota
919 3132 1053 3209 prolapsa
1073 3131 1152 3188 acies
1166 3130 1197 3188 in

254 3225 382 3284 preceps
396 3207 511 3266 deferri.
531 3271 533 3277 ,
554 3210 658 3269 Sedato
677 3211 780 3269 deinde
801 3212 928 3270 tumultu
945 3211 1091 3287 reliquum
1105 3210 1198 3268 noctis

253 3296 434 3364 -quantum
448 3289 478 3345 in
492 3290 615 3348 turbatis
629 3292 774 3349 mentibus
794 3301 913 3367 poterat,
928 3310 998 3349 cum
1019 3290 1198 3368 praeteritum

254 3373 368 3444 qdoque
389 3367 552 3443 periculum
573 3369 872 3446 sollicitaret—quieti
891 3370 991 3429 datum
1012 3379 1065 3427 est.
1113 3366 1197 3427 Luce

254 3456 325 3517 orta,
341 3447 450 3505 vocatis
471 3447 594 3505 classico
609 3448 645 3505 ad
666 3450 824 3507 concilium
839 3451 979 3507 militibus
1000 3448 1036 3506 ad
1056 3448 1197 3517 tribunos,

205 3525 244 3583 40
255 3544 324 3583 cum
335 3536 363 3584 et
377 3537 455 3584 recte
465 3536 492 3584 et
506 3546 656 3604 perperam
672 3527 749 3586 sacto
762 3530 887 3606 pretium
896 3529 1058 3597 deberetur,
1068 3525 1199 3583 Manlius

255 3606 381 3680 primum
395 3607 430 3663 ob
445 3607 580 3664 virtutem
594 3606 730 3665 laudatus
744 3607 923 3685 donatusque
944 3627 1001 3665 non
1016 3608 1054 3663 ab
1073 3606 1199 3664 tribunis

254 3682 348 3741 solum
363 3685 496 3756 militum,
518 3686 568 3743 sed
588 3704 731 3744 consensu
750 3686 838 3745 etiam
853 3688 981 3758 militari,
996 3685 1047 3745 cui
1068 3684 1199 3743 universi
1276 3755 1283 3765 ,

254 3761 377 3821 selibras
390 3762 476 3821 farris
489 3774 518 3821 et
531 3766 694 3840 quartarios
708 3766 769 3823 viui
778 3765 815 3822 ad
829 3767 907 3825 oedes
915 3766 988 3842 ejus,
1002 3783 1069 3843 que
1081 3766 1113 3822 in
1127 3782 1199 3822 arca

255 3849 347 3911 orant,
371 3842 668 3913 coutulerunt-reru
689 3845 769 3904 dictu
793 3863 923 3923 parvam,
944 3854 1077 3905 ceterum
1099 3842 1199 3922 iuopia
