2717 4292
439 694 603 788 LIBRI
648 694 866 799 tutari

575 962 731 1015 car.'1-vr.

608 1152 689 1168 Q

263 1285 632 1362 dracunculum
665 1286 809 1362 LIBRI
837 1288 1044 1371 tulela
1094 1346 1098 1351 -

180 1472 204 1533 1,
220 1472 270 1525 &a
286 1474 342 1526 Lux
353 1477 382 1525 de
399 1478 518 1526 connubio
534 1476 637 1528 Petmm
647 1481 673 1525 et
688 1476 762 1539 plebis
774 1492 790 1525 a
799 1477 899 1526 tribunis
914 1476 988 1541 plebis
997 1485 1097 1530 conten·

146 1551 211 1601 tione
226 1567 326 1617 magna,
339 1552 451 1603 Patribus
466 1554 663 1618 repugnantibus,
680 1554 773 1615 perlate
784 1558 826 1601 est.
858 1552 903 1603 VI.
919 1554 1019 1603 Tribuni
1035 1556 1099 1605 mili·

146 1632 218 1677 teres
250 1628 348 1691 Aliquot
359 1631 427 1678 annis
438 1646 476 1679 res
486 1631 565 1693 populi
577 1628 682 1678 Romani
692 1630 756 1678 domi
767 1631 903 1693 militiisque
913 1646 956 1694 per
963 1633 1009 1681 hoc
1020 1648 1099 1697 geum

145 1705 301 1769 magistratus
321 1706 491 1755 administratae
510 1712 574 1755 sunt
614 1705 679 1755 Item
697 1721 806 1755 censores
823 1712 882 1755 tunc
901 1708 1004 1770 primum
1022 1709 1097 1759 erecti

144 1788 211 1831 erint.
243 1782 312 1847 Ager
323 1782 470 1832 Ardeatinns
486 1782 591 1831 Romani
604 1784 683 1845 populi
692 1782 781 1846 jndicio
798 1784 899 1841 ablatus,
910 1786 986 1833 missis
1003 1787 1028 1833 in
1039 1802 1097 1837 eum

144 1859 237 1907 colonis
255 1860 379 1908 restitutus
398 1866 441 1909 est.
474 1860 540 1909 Cum
558 1861 624 1908 ieme
643 1861 744 1923 populus
766 1859 892 1908 Romanus
910 1862 1035 1920 laboraret,
1055 1863 1097 1926 Sp.

145 1931 253 1992 Maelius,
272 1951 344 1997 eques
361 1938 448 1999 populo
464 1932 576 1985 Romano
593 1938 741 1984 frumentum
752 1952 797 1984 rue
809 1937 917 1999 impensa
933 1939 1097 2001 largitusest3

144 2017 171 2059 et
187 2012 259 2060 ob'id
269 2012 363 2061 factum
380 2014 510 2061 conciliata
526 2013 663 2075 sibi,plebe,
681 2028 783 2077 regnum
795 2012 912 2061 affectans
923 2030 939 2061 a
954 2014 984 2062 0.
996 2015 1097 2063 Servilio

144 2086 238 2144 Ahala,
249 2089 362 2151 magistro
378 2089 495 2151 equitum,
510 2087 578 2151 jussu
594 2086 701 2145 Quinctii
716 2089 855 2137 Cincinnati
872 2090 994 2137 dictatoris
1004 2091 1098 2139 ocoism

143 2169 190 2211 est.
223 2162 252 2211 L
264 2162 387 2213 lfinucius
398 2165 469 2213 index
479 2166 539 2213 bove
551 2171 637 2212 aurata
648 2164 750 2213 donatus
761 2170 804 2212 est
837 2164 936 2229 Legatis
953 2164 1070 2215 Romanis
1080 2182 1097 2215 a

145 2238 303 2289 Fidenatibus
319 2241 409 2297 occisis,
420 2241 534 2303 quoniam
550 2241 580 2290 ob
596 2242 770 2303 rempublicam
781 2242 951 2298 occubuerant,
968 2248 1055 2291 statue
1071 2242 1097 2291 in

145 2314 239 2365 Rostris
255 2317 337 2379 posite
347 2324 411 2365 sunt.
443 2316 532 2365 Cossus
548 2315 672 2365 Cornelius
688 2318 795 2365 tribunae
805 2318 916 2374 militum,
927 2320 1010 2367 oceno
1019 2318 1097 2368 Tolu-

145 2392 213 2441 mnio
223 2408 281 2457 rege
292 2392 439 2451 Veientium,
456 2394 537 2456 opima
553 2394 628 2456 spolie
643 2393 751 2442 secunde
766 2394 853 2441 retulit„
887 2392 965 2443 Mam.
982 2393 1097 2443 AEmilins

146 2468 258 2527 dictetur,
273 2484 380 2519 censurae
391 2472 489 2527 honore,
500 2470 540 2531 qui
552 2476 626 2517 antee
636 2484 679 2531 per
689 2470 879 2532 quinquennium
890 2470 1027 2533 gerebatur,
1038 2472 1097 2521 enni

147 2549 173 2593 et
191 2561 236 2593 sex
253 2546 373 2595 mensium
389 2547 466 2609 spatio
483 2536 569 2603 linito,⁸
579 2546 610 2593 ob
629 2560 685 2593 eam
696 2560 749 2593 rem
768 2560 784 2591 a
794 2545 931 2592 censoribus
946 2552 1043 2593 notatus
1053 2551 1097 2594 eat.

148 2619 247 2669 Fidenae
258 2621 284 2670 in
294 2628 437 2685 potestatem
448 2622 554 2671 redactae
565 2636 641 2683 eoque
652 2621 729 2668 coloni
744 2619 810 2667 missi
825 2625 895 2667 sunt:
910 2619 995 2681 quibua
1005 2620 1097 2677 occisa,

149 2694 279 2745 Fidenates
298 2712 356 2745 cum
376 2698 517 2747 defseioeeut
536 2712 552 2745 a
571 2695 650 2745 Mam.
667 2693 769 2743 AEmilio
787 2694 903 2742 dictatore
921 2693 978 2743 victi
993 2700 1059 2752 sunt,
1071 2699 1098 2744 et

149 2771 249 2821 Fidenae
259 2778 345 2835 captae.
369 2772 641 2837 conjuratioservorum
652 2776 812 2835 oppressaest.
836 2770 980 2828 Postumius,
991 2771 1101 2820 tribuum

148 2848 262 2906 militum,
272 2855 368 2913 propter
378 2850 545 2899 crudelitatem
562 2851 593 2898 eb
604 2849 711 2899 exercita
726 2848 818 2897 cociam
834 2853 872 2896 est
904 2848 1055 2911 Stipendium
1066 2862 1098 2898 ex

149 2925 232 2973 aerario
243 2930 297 2974 tum
308 2926 413 2989 primum
423 2927 537 2976 militibus
547 2926 632 2974 datum
643 2930 687 2974 est
706 2924 756 2973 Res
766 2930 883 2987 praterea
892 2931 973 2990 gestas
983 2926 1098 2975 adverus
1115 2935 1117 2939 “

149 2999 256 3059 Volscos,
276 3016 302 3052 ar
319 3000 457 3061 Fidenates,
475 3007 501 3051 et
519 3000 626 3051 Faliscos
649 3001 829 3065 continet-[u.
841 3015 864 3049 c.
879 3000 999 3051 alo-351.
1039 3016 1062 3050 r.
1073 3014 1097 3051 c.

189 3218 214 3280 I.
244 3219 312 3280 Hos
336 3223 430 3281 secuti
454 3221 496 3280 Μ.
521 3220 673 3281 Genucius
697 3231 727 3280 et
749 3220 784 3279 G.
807 3220 927 3279 Curtius
953 3218 1099 3278 consules.

151 3300 221 3359 Fuit
249 3319 345 3359 eunus
368 3301 445 3360 domi
468 3300 594 3380 ibrisque
622 3300 755 3359 infestus.
807 3298 887 3357 Nam
912 3298 981 3355 enni

151 3378 294 3457 principio
307 3390 337 3439 et
350 3380 386 3439 de
400 3381 544 3440 connubio
557 3390 672 3458 petrum
686 3390 716 3439 et
728 3378 821 3457 plebis
834 3377 868 3435 C.
884 3377 980 3436 Canu·
1019 3393 1051 3434 u.
1071 3393 1098 3433 c.

151 3458 237 3529 leiuS,
251 3459 388 3519 tribunus
402 3461 503 3539 plebis,
515 3461 692 3538 rogationem
706 3457 910 3537 promulgavit,
921 3472 981 3532 que
1021 3457 1091 3513 310.

151 3539 344 3598 contaminari
365 3541 538 3619 sanguinem
552 3559 639 3599 suum
660 3549 766 3617 patres,
785 3533 981 3610 confundique
1020 3551 1052 3592 a.
1071 3550 1099 3592 c.
1121 3535 1141 3593 b

150 3616 220 3709 jure
239 3621 372 3697 gentium
393 3620 549 3678 rebantur:
575 3626 604 3678 ei
624 3619 740 3689 mentio,
761 3616 854 3693 primo
874 3613 982 3672 sensim
1022 3616 1092 3673 442.

152 3696 236 3755 illata
261 3717 279 3756 e
302 3700 436 3771 tribunis,
461 3709 494 3758 ut
518 3697 643 3759 alterurn
667 3716 705 3755 ex
728 3695 812 3774 plebe
832 3694 982 3758 consulem

152 3774 256 3839 liceret
283 3773 357 3853 fieri,
382 3799 417 3841 eo
440 3780 581 3857 processit
602 3776 715 3849 deinde,
743 3785 776 3836 ut
799 3776 976 3854 rogationem
996 3788 1102 3836 norem
