<?xml version="1.0" encoding="UTF-8"?>
<!DOCTYPE html PUBLIC "-//W3C//DTD XHTML 1.0 Transitional//EN"
    "http://www.w3.org/TR/xhtml1/DTD/xhtml1-transitional.dtd">
<html xmlns="http://www.w3.org/1999/xhtml" xml:lang="en" lang="en">
 <head>
  <title>
</title>
<meta http-equiv="Content-Type" content="text/html;charset=utf-8" />
  <meta name='ocr-system' content='tesseract 3.04.00' />
  <meta name='ocr-capabilities' content='ocr_page ocr_carea ocr_par ocr_line ocrx_word'/>
</head>
<body>
  <div class='ocr_page' id='page_1' title='image "./selectionsfromf01alscgoog_0180.png"; bbox 0 0 2717 4292; ppageno 0'>
   <div class='ocr_carea' id='block_1_1' title="bbox 213 261 777 324">
    <p class='ocr_par' dir='ltr' id='par_1_1' title="bbox 213 261 777 324">
     <span class='ocr_line' id='line_1_1' title="bbox 213 261 777 324; baseline 0.002 -2"><span class='ocrx_word' id='word_1_1' title='bbox 213 261 272 322; x_wconf 78' lang='lat'><strong>162</strong></span> <span class='ocrx_word' id='word_1_2' title='bbox 623 279 682 322; x_wconf 75' lang='grc' dir='ltr'><strong>τιτι</strong></span> <span class='ocrx_word' id='word_1_3' title='bbox 703 279 777 324; x_wconf 78' lang='lat' dir='ltr'><strong>arun</strong></span> 
     </span>
    </p>
   </div>
   <div class='ocr_carea' id='block_1_2' title="bbox 208 410 1203 3478">
    <p class='ocr_par' dir='ltr' id='par_1_2' title="bbox 208 410 1203 3478">
     <span class='ocr_line' id='line_1_2' title="bbox 260 410 1201 489; baseline 0.001 -19"><span class='ocrx_word' id='word_1_4' title='bbox 260 411 424 487; x_wconf 76' lang='lat' dir='ltr'>Saguntum</span> <span class='ocrx_word' id='word_1_5' title='bbox 443 417 569 487; x_wconf 88' lang='lat' dir='ltr'><strong>pergunt</strong></span> <span class='ocrx_word' id='word_1_6' title='bbox 586 411 639 481; x_wconf 89' lang='lat' dir='ltr'><strong>ire,</strong></span> <span class='ocrx_word' id='word_1_7' title='bbox 652 410 728 488; x_wconf 91' lang='lat' dir='ltr'><strong>quod</strong></span> <span class='ocrx_word' id='word_1_8' title='bbox 749 411 789 469; x_wconf 94' lang='lat' dir='ltr'><strong>ibi</strong></span> <span class='ocrx_word' id='word_1_9' title='bbox 809 410 921 469; x_wconf 84' lang='lat' dir='ltr'><strong>obsides</strong></span> <span class='ocrx_word' id='word_1_10' title='bbox 944 412 1031 469; x_wconf 88' lang='lat' dir='ltr'><strong>totius</strong></span> <span class='ocrx_word' id='word_1_11' title='bbox 1053 410 1201 489; x_wconf 75' lang='lat' dir='ltr'><strong>Hispaniae</strong></span> 
     </span>
     <span class='ocr_line' id='line_1_3' title="bbox 259 488 1202 552; baseline 0.003 -4"><span class='ocrx_word' id='word_1_12' title='bbox 259 490 376 548; x_wconf 90' lang='lat' dir='ltr'><strong>traditos</strong></span> <span class='ocrx_word' id='word_1_13' title='bbox 390 490 427 547; x_wconf 86' lang='lat' dir='ltr'><strong>ab</strong></span> <span class='ocrx_word' id='word_1_14' title='bbox 446 489 612 548; x_wconf 82' lang='lat' dir='ltr'><strong>Hannibale</strong></span> <span class='ocrx_word' id='word_1_15' title='bbox 634 488 713 546; x_wconf 89' lang='lat' dir='ltr'><strong>sama</strong></span> <span class='ocrx_word' id='word_1_16' title='bbox 727 498 788 548; x_wconf 89' lang='lat' dir='ltr'><strong>erat</strong></span> <span class='ocrx_word' id='word_1_17' title='bbox 803 489 913 548; x_wconf 91' lang='lat' dir='ltr'><strong>modico</strong></span> <span class='ocrx_word' id='word_1_18' title='bbox 926 489 957 546; x_wconf 89' lang='lat' dir='ltr'><strong>in</strong></span> <span class='ocrx_word' id='word_1_19' title='bbox 980 508 1048 549; x_wconf 88' lang='lat' dir='ltr'><strong>arce</strong></span> <span class='ocrx_word' id='word_1_20' title='bbox 1062 491 1202 552; x_wconf 88' lang='lat' dir='ltr'><strong>custodiri</strong></span> 
     </span>
     <span class='ocr_line' id='line_1_4' title="bbox 259 567 1200 646; baseline 0.004 -20"><span class='ocrx_word' id='word_1_21' title='bbox 259 567 399 646; x_wconf 75' lang='lat' dir='ltr'><strong>prasidio.</strong></span> <span class='ocrx_word' id='word_1_22' title='bbox 441 567 474 627; x_wconf 92' lang='lat' dir='ltr'><strong>ld</strong></span> <span class='ocrx_word' id='word_1_23' title='bbox 489 587 579 625; x_wconf 93' lang='lat' dir='ltr'><strong>unum</strong></span> <span class='ocrx_word' id='word_1_24' title='bbox 600 569 705 645; x_wconf 89' lang='lat' dir='ltr'><strong>pignus</strong></span> <span class='ocrx_word' id='word_1_25' title='bbox 719 569 870 626; x_wconf 87' lang='lat' dir='ltr'><strong>inclinatos</strong></span> <span class='ocrx_word' id='word_1_26' title='bbox 884 568 920 626; x_wconf 89' lang='lat' dir='ltr'><strong>ad</strong></span> <span class='ocrx_word' id='word_1_27' title='bbox 935 567 1097 626; x_wconf 81' lang='lat' dir='ltr'>Romanam</span> <span class='ocrx_word' id='word_1_28' title='bbox 1111 572 1200 630; x_wconf 86' lang='lat' dir='ltr'><strong>socie·</strong></span> 
     </span>
     <span class='ocr_line' id='line_1_5' title="bbox 259 646 1201 723; baseline 0.001 -18"><span class='ocrx_word' id='word_1_29' title='bbox 259 656 346 705; x_wconf 91' lang='lat' dir='ltr'><strong>tatem</strong></span> <span class='ocrx_word' id='word_1_30' title='bbox 369 647 498 704; x_wconf 84' lang='lat' dir='ltr'><strong>omniurn</strong></span> <span class='ocrx_word' id='word_1_31' title='bbox 521 646 672 722; x_wconf 82' lang='lat' dir='ltr'><strong>Hispaniae</strong></span> <span class='ocrx_word' id='word_1_32' title='bbox 695 647 864 723; x_wconf 89' lang='lat' dir='ltr'><strong>populorum</strong></span> <span class='ocrx_word' id='word_1_33' title='bbox 890 647 1001 705; x_wconf 90' lang='lat' dir='ltr'><strong>animos</strong></span> <span class='ocrx_word' id='word_1_34' title='bbox 1025 650 1201 721; x_wconf 80' lang='lat' dir='ltr'><strong>morabatur,</strong></span> 
     </span>
     <span class='ocr_line' id='line_1_6' title="bbox 230 725 1199 802; baseline 0.001 -17"><span class='ocrx_word' id='word_1_35' title='bbox 230 732 295 784; x_wconf 82' lang='lat' dir='ltr'><strong>bne</strong></span> <span class='ocrx_word' id='word_1_36' title='bbox 315 726 458 802; x_wconf 90' lang='lat' dir='ltr'><strong>sanguine</strong></span> <span class='ocrx_word' id='word_1_37' title='bbox 482 725 606 783; x_wconf 91' lang='lat' dir='ltr'><strong>liberum</strong></span> <span class='ocrx_word' id='word_1_38' title='bbox 619 744 739 783; x_wconf 88' lang='lat' dir='ltr'><strong>suorum</strong></span> <span class='ocrx_word' id='word_1_39' title='bbox 761 725 849 801; x_wconf 89' lang='lat' dir='ltr'><strong>culpa</strong></span> <span class='ocrx_word' id='word_1_40' title='bbox 868 725 1037 785; x_wconf 84' lang='lat' dir='ltr'><strong>delectionis</strong></span> <span class='ocrx_word' id='word_1_41' title='bbox 1057 727 1199 786; x_wconf 87' lang='lat' dir='ltr'><strong>lueretur.</strong></span> 
     </span>
     <span class='ocr_line' id='line_1_7' title="bbox 259 804 1201 882; baseline 0.004 -19"><span class='ocrx_word' id='word_1_42' title='bbox 259 805 304 863; x_wconf 88' lang='lat' dir='ltr'><strong>Eo</strong></span> <span class='ocrx_word' id='word_1_43' title='bbox 318 804 435 861; x_wconf 87' lang='lat' dir='ltr'><strong>vinculo</strong></span> <span class='ocrx_word' id='word_1_44' title='bbox 455 804 626 881; x_wconf 89' lang='lat' dir='ltr'><strong>Hispaniam</strong></span> <span class='ocrx_word' id='word_1_45' title='bbox 639 805 685 860; x_wconf 90' lang='lat' dir='ltr'><strong>vir</strong></span> <span class='ocrx_word' id='word_1_46' title='bbox 699 824 775 864; x_wconf 89' lang='lat' dir='ltr'><strong>uuus</strong></span> <span class='ocrx_word' id='word_1_47' title='bbox 789 805 897 862; x_wconf 80' lang='lat' dir='ltr'><strong>sollerti</strong></span> <span class='ocrx_word' id='word_1_48' title='bbox 912 806 1005 882; x_wconf 88' lang='lat' dir='ltr'><strong>magis</strong></span> <span class='ocrx_word' id='word_1_49' title='bbox 1018 825 1107 881; x_wconf 89' lang='lat' dir='ltr'><strong>quam</strong></span> <span class='ocrx_word' id='word_1_50' title='bbox 1121 807 1201 867; x_wconf 86' lang='lat' dir='ltr'><strong>fideli</strong></span> 
     </span>
     <span class='ocr_line' id='line_1_8' title="bbox 258 883 1200 961; baseline -0.001 -19"><span class='ocrx_word' id='word_1_51' title='bbox 258 883 379 942; x_wconf 83' lang='lat' dir='ltr'><strong>consilio</strong></span> <span class='ocrx_word' id='word_1_52' title='bbox 392 883 522 940; x_wconf 86' lang='lat' dir='ltr'><strong>exsolvit.</strong></span> <span class='ocrx_word' id='word_1_53' title='bbox 564 883 683 942; x_wconf 82' lang='lat' dir='ltr'><strong>Abelux</strong></span> <span class='ocrx_word' id='word_1_54' title='bbox 704 893 765 942; x_wconf 88' lang='lat' dir='ltr'><strong>erat</strong></span> <span class='ocrx_word' id='word_1_55' title='bbox 786 883 909 960; x_wconf 80' lang='lat' dir='ltr'><strong>Sagunti</strong></span> <span class='ocrx_word' id='word_1_56' title='bbox 922 883 1026 941; x_wconf 92' lang='lat' dir='ltr'><strong>nobilis</strong></span> <span class='ocrx_word' id='word_1_57' title='bbox 1040 883 1200 961; x_wconf 89' lang='lat' dir='ltr'><strong>Hispanus,</strong></span> 
     </span>
     <span class='ocr_line' id='line_1_9' title="bbox 258 960 1199 1040; baseline 0.003 -21"><span class='ocrx_word' id='word_1_58' title='bbox 258 960 334 1020; x_wconf 88' lang='lat' dir='ltr'><strong>tidus</strong></span> <span class='ocrx_word' id='word_1_59' title='bbox 348 972 414 1019; x_wconf 87' lang='lat' dir='ltr'><strong>ante</strong></span> <span class='ocrx_word' id='word_1_60' title='bbox 429 961 534 1032; x_wconf 87' lang='lat' dir='ltr'><strong>Poenis,</strong></span> <span class='ocrx_word' id='word_1_61' title='bbox 546 972 617 1032; x_wconf 89' lang='lat' dir='ltr'><strong>tum,</strong></span> <span class='ocrx_word' id='word_1_62' title='bbox 632 961 732 1038; x_wconf 90' lang='lat' dir='ltr'><strong>qualia</strong></span> <span class='ocrx_word' id='word_1_63' title='bbox 745 963 916 1040; x_wconf 88' lang='lat' dir='ltr'><strong>plerumque</strong></span> <span class='ocrx_word' id='word_1_64' title='bbox 930 973 997 1020; x_wconf 88' lang='lat' dir='ltr'><strong>sunt</strong></span> <span class='ocrx_word' id='word_1_65' title='bbox 1011 963 1199 1022; x_wconf 89' lang='lat' dir='ltr'><strong>barbarorum</strong></span> 
     </span>
     <span class='ocr_line' id='line_1_10' title="bbox 258 1039 1199 1117; baseline 0.002 -19"><span class='ocrx_word' id='word_1_66' title='bbox 258 1041 384 1117; x_wconf 88' lang='lat' dir='ltr'><strong>ingenia,</strong></span> <span class='ocrx_word' id='word_1_67' title='bbox 399 1059 468 1116; x_wconf 69' lang='lat' dir='ltr'><strong>curn</strong></span> <span class='ocrx_word' id='word_1_68' title='bbox 492 1041 606 1098; x_wconf 84' lang='lat' dir='ltr'><strong>fortuna</strong></span> <span class='ocrx_word' id='word_1_69' title='bbox 625 1049 789 1098; x_wconf 89' lang='lat' dir='ltr'><strong>mutaverat</strong></span> <span class='ocrx_word' id='word_1_70' title='bbox 808 1039 904 1098; x_wconf 89' lang='lat' dir='ltr'><strong>fidem.</strong></span> <span class='ocrx_word' id='word_1_71' title='bbox 946 1040 1084 1100; x_wconf 89' lang='lat' dir='ltr'><strong>Ceterum</strong></span> <span class='ocrx_word' id='word_1_72' title='bbox 1108 1050 1199 1100; x_wconf 88' lang='lat' dir='ltr'><strong>trans·</strong></span> 
     </span>
     <span class='ocr_line' id='line_1_11' title="bbox 212 1118 1199 1196; baseline 0.006 -24"><span class='ocrx_word' id='word_1_73' title='bbox 212 1120 248 1178; x_wconf 91' lang='lat'><strong>10</strong></span> <span class='ocrx_word' id='word_1_74' title='bbox 259 1118 369 1195; x_wconf 84' lang='lat' dir='ltr'><strong>fugam,</strong></span> <span class='ocrx_word' id='word_1_75' title='bbox 391 1120 453 1177; x_wconf 91' lang='lat' dir='ltr'><strong>sine</strong></span> <span class='ocrx_word' id='word_1_76' title='bbox 476 1138 590 1196; x_wconf 86' lang='lat' dir='ltr'><strong>magnae</strong></span> <span class='ocrx_word' id='word_1_77' title='bbox 610 1121 653 1176; x_wconf 93' lang='lat' dir='ltr'><strong>rei</strong></span> <span class='ocrx_word' id='word_1_78' title='bbox 674 1119 830 1195; x_wconf 91' lang='lat' dir='ltr'><strong>proditione</strong></span> <span class='ocrx_word' id='word_1_79' title='bbox 851 1119 1015 1177; x_wconf 89' lang='lat' dir='ltr'><strong>venientem</strong></span> <span class='ocrx_word' id='word_1_80' title='bbox 1035 1119 1071 1176; x_wconf 89' lang='lat' dir='ltr'><strong>ad</strong></span> <span class='ocrx_word' id='word_1_81' title='bbox 1094 1120 1199 1192; x_wconf 89' lang='lat' dir='ltr'><strong>hostes,</strong></span> 
     </span>
     <span class='ocr_line' id='line_1_12' title="bbox 257 1196 1199 1276; baseline 0.003 -22"><span class='ocrx_word' id='word_1_82' title='bbox 257 1198 330 1255; x_wconf 90' lang='lat' dir='ltr'><strong>nibil</strong></span> <span class='ocrx_word' id='word_1_83' title='bbox 355 1196 435 1255; x_wconf 87' lang='lat' dir='ltr'><strong>aliud</strong></span> <span class='ocrx_word' id='word_1_84' title='bbox 456 1217 545 1274; x_wconf 90' lang='lat' dir='ltr'><strong>quam</strong></span> <span class='ocrx_word' id='word_1_85' title='bbox 570 1216 661 1256; x_wconf 91' lang='lat' dir='ltr'><strong>unum</strong></span> <span class='ocrx_word' id='word_1_86' title='bbox 685 1197 744 1272; x_wconf 79' lang='lat' dir='ltr'><strong>vila</strong></span> <span class='ocrx_word' id='word_1_87' title='bbox 768 1208 854 1274; x_wconf 90' lang='lat' dir='ltr'><strong>atque</strong></span> <span class='ocrx_word' id='word_1_88' title='bbox 878 1197 986 1256; x_wconf 85' lang='lat' dir='ltr'><strong>infame</strong></span> <span class='ocrx_word' id='word_1_89' title='bbox 1010 1217 1115 1276; x_wconf 87' lang='lat' dir='ltr'><strong>corpus</strong></span> <span class='ocrx_word' id='word_1_90' title='bbox 1136 1218 1199 1257; x_wconf 88' lang='lat' dir='ltr'><strong>esse</strong></span> 
     </span>
     <span class='ocr_line' id='line_1_13' title="bbox 258 1275 1200 1354; baseline 0.005 -23"><span class='ocrx_word' id='word_1_91' title='bbox 258 1285 348 1346; x_wconf 89' lang='lat' dir='ltr'><strong>ratus,</strong></span> <span class='ocrx_word' id='word_1_92' title='bbox 363 1276 392 1333; x_wconf 92' lang='lat' dir='ltr'><strong>id</strong></span> <span class='ocrx_word' id='word_1_93' title='bbox 412 1278 525 1354; x_wconf 88' lang='lat' dir='ltr'><strong>agebat,</strong></span> <span class='ocrx_word' id='word_1_94' title='bbox 541 1286 572 1335; x_wconf 92' lang='lat' dir='ltr'><strong>ut</strong></span> <span class='ocrx_word' id='word_1_95' title='bbox 592 1294 681 1352; x_wconf 87' lang='lat' dir='ltr'><strong>quam</strong></span> <span class='ocrx_word' id='word_1_96' title='bbox 694 1277 855 1335; x_wconf 88' lang='lat' dir='ltr'><strong>maximum</strong></span> <span class='ocrx_word' id='word_1_97' title='bbox 871 1275 1097 1336; x_wconf 87' lang='lat' dir='ltr'><strong>emolumenturn</strong></span> <span class='ocrx_word' id='word_1_98' title='bbox 1116 1278 1200 1336; x_wconf 90' lang='lat' dir='ltr'><strong>novis</strong></span> 
     </span>
     <span class='ocr_line' id='line_1_14' title="bbox 257 1355 1200 1432; baseline 0.004 -21"><span class='ocrx_word' id='word_1_99' title='bbox 257 1355 344 1412; x_wconf 90' lang='lat' dir='ltr'><strong>sociis</strong></span> <span class='ocrx_word' id='word_1_100' title='bbox 364 1366 448 1413; x_wconf 90' lang='lat' dir='ltr'><strong>esset.</strong></span> <span class='ocrx_word' id='word_1_101' title='bbox 488 1355 713 1432; x_wconf 81' lang='lat' dir='ltr'><strong>Circumspectis</strong></span> <span class='ocrx_word' id='word_1_102' title='bbox 733 1355 822 1431; x_wconf 89' lang='lat' dir='ltr'><strong>igitur</strong></span> <span class='ocrx_word' id='word_1_103' title='bbox 841 1356 982 1427; x_wconf 85' lang='lat' dir='ltr'><strong>omnihus,</strong></span> <span class='ocrx_word' id='word_1_104' title='bbox 998 1374 1064 1432; x_wconf 82' lang='lat' dir='ltr'><strong>quae</strong></span> <span class='ocrx_word' id='word_1_105' title='bbox 1085 1355 1200 1414; x_wconf 82' lang='lat' dir='ltr'><strong>fortuna</strong></span> 
     </span>
     <span class='ocr_line' id='line_1_15' title="bbox 258 1433 1199 1510; baseline 0.002 -20"><span class='ocrx_word' id='word_1_106' title='bbox 258 1434 405 1508; x_wconf 87' lang='lat' dir='ltr'><strong>potestatis</strong></span> <span class='ocrx_word' id='word_1_107' title='bbox 428 1433 493 1509; x_wconf 89' lang='lat' dir='ltr'><strong>ejus</strong></span> <span class='ocrx_word' id='word_1_108' title='bbox 516 1443 626 1510; x_wconf 88' lang='lat' dir='ltr'><strong>poterat</strong></span> <span class='ocrx_word' id='word_1_109' title='bbox 650 1434 757 1504; x_wconf 81' lang='lat' dir='ltr'><strong>iacere,</strong></span> <span class='ocrx_word' id='word_1_110' title='bbox 772 1434 918 1492; x_wconf 91' lang='lat' dir='ltr'><strong>obsidibus</strong></span> <span class='ocrx_word' id='word_1_111' title='bbox 942 1435 1118 1510; x_wconf 88' lang='lat' dir='ltr'><strong>potissimum</strong></span> <span class='ocrx_word' id='word_1_112' title='bbox 1142 1444 1199 1493; x_wconf 90' lang='lat' dir='ltr'><strong>tra·</strong></span> 
     </span>
     <span class='ocr_line' id='line_1_16' title="bbox 214 1511 1201 1588; baseline 0.004 -20"><span class='ocrx_word' id='word_1_113' title='bbox 214 1511 360 1575; x_wconf 84' lang='lat' dir='ltr'><strong>15dendis</strong></span> <span class='ocrx_word' id='word_1_114' title='bbox 387 1513 516 1570; x_wconf 89' lang='lat' dir='ltr'><strong>animum</strong></span> <span class='ocrx_word' id='word_1_115' title='bbox 543 1513 656 1588; x_wconf 90' lang='lat' dir='ltr'><strong>adjecit,</strong></span> <span class='ocrx_word' id='word_1_116' title='bbox 683 1532 747 1570; x_wconf 89' lang='lat' dir='ltr'><strong>eam</strong></span> <span class='ocrx_word' id='word_1_117' title='bbox 772 1531 860 1570; x_wconf 90' lang='lat' dir='ltr'><strong>unam</strong></span> <span class='ocrx_word' id='word_1_118' title='bbox 885 1531 946 1570; x_wconf 87' lang='lat' dir='ltr'><strong>rem</strong></span> <span class='ocrx_word' id='word_1_119' title='bbox 970 1514 1095 1570; x_wconf 87' lang='lat' dir='ltr'><strong>maxime</strong></span> <span class='ocrx_word' id='word_1_120' title='bbox 1119 1525 1201 1572; x_wconf 91' lang='lat' dir='ltr'><strong>ratus</strong></span> 
     </span>
     <span class='ocr_line' id='line_1_17' title="bbox 258 1591 1198 1667; baseline 0.001 -18"><span class='ocrx_word' id='word_1_121' title='bbox 258 1592 480 1649; x_wconf 89' lang='lat' dir='ltr'><strong>conciliaturam</strong></span> <span class='ocrx_word' id='word_1_122' title='bbox 504 1592 642 1650; x_wconf 88' lang='lat' dir='ltr'><strong>Romanis</strong></span> <span class='ocrx_word' id='word_1_123' title='bbox 666 1593 830 1667; x_wconf 82' lang='lat' dir='ltr'><strong>principum</strong></span> <span class='ocrx_word' id='word_1_124' title='bbox 858 1591 1007 1667; x_wconf 80' lang='lat' dir='ltr'><strong>Hispaniae</strong></span> <span class='ocrx_word' id='word_1_125' title='bbox 1031 1592 1198 1650; x_wconf 87' lang='lat' dir='ltr'><strong>amicitiam.</strong></span> 
     </span>
     <span class='ocr_line' id='line_1_18' title="bbox 258 1669 1198 1746; baseline 0.002 -20"><span class='ocrx_word' id='word_1_126' title='bbox 258 1669 317 1727; x_wconf 88' lang='lat' dir='ltr'><strong>Sed</strong></span> <span class='ocrx_word' id='word_1_127' title='bbox 333 1689 401 1728; x_wconf 90' lang='lat' dir='ltr'><strong>cum</strong></span> <span class='ocrx_word' id='word_1_128' title='bbox 424 1671 538 1746; x_wconf 91' lang='lat' dir='ltr'><strong>injussu</strong></span> <span class='ocrx_word' id='word_1_129' title='bbox 557 1671 685 1728; x_wconf 88' lang='lat' dir='ltr'><strong>Bostaris</strong></span> <span class='ocrx_word' id='word_1_130' title='bbox 706 1669 835 1746; x_wconf 82' lang='lat' dir='ltr'><strong>praefecti</strong></span> <span class='ocrx_word' id='word_1_131' title='bbox 848 1671 919 1727; x_wconf 87' lang='lat' dir='ltr'><strong>satis</strong></span> <span class='ocrx_word' id='word_1_132' title='bbox 932 1671 1020 1728; x_wconf 88' lang='lat' dir='ltr'><strong>sciret</strong></span> <span class='ocrx_word' id='word_1_133' title='bbox 1033 1671 1105 1728; x_wconf 90' lang='lat' dir='ltr'><strong>nihil</strong></span> <span class='ocrx_word' id='word_1_134' title='bbox 1124 1671 1198 1728; x_wconf 91' lang='lat' dir='ltr'><strong>obsi-</strong></span> 
     </span>
     <span class='ocr_line' id='line_1_19' title="bbox 258 1747 1200 1826; baseline 0.002 -22"><span class='ocrx_word' id='word_1_135' title='bbox 258 1747 339 1804; x_wconf 89' lang='lat' dir='ltr'><strong>dium</strong></span> <span class='ocrx_word' id='word_1_136' title='bbox 353 1749 486 1805; x_wconf 89' lang='lat' dir='ltr'><strong>custodes</strong></span> <span class='ocrx_word' id='word_1_137' title='bbox 508 1747 634 1806; x_wconf 83' lang='lat' dir='ltr'><strong>facturus</strong></span> <span class='ocrx_word' id='word_1_138' title='bbox 648 1767 721 1819; x_wconf 87' lang='lat' dir='ltr'><strong>esse,</strong></span> <span class='ocrx_word' id='word_1_139' title='bbox 742 1749 893 1807; x_wconf 85' lang='lat' dir='ltr'><strong>Bostarem</strong></span> <span class='ocrx_word' id='word_1_140' title='bbox 913 1749 1008 1824; x_wconf 90' lang='lat' dir='ltr'><strong>ipsum</strong></span> <span class='ocrx_word' id='word_1_141' title='bbox 1023 1758 1083 1806; x_wconf 90' lang='lat' dir='ltr'><strong>arte</strong></span> <span class='ocrx_word' id='word_1_142' title='bbox 1098 1768 1200 1826; x_wconf 80' lang='lat' dir='ltr'><strong>aggre-</strong></span> 
     </span>
     <span class='ocr_line' id='line_1_20' title="bbox 258 1825 1200 1902; baseline 0.002 -20"><span class='ocrx_word' id='word_1_143' title='bbox 258 1825 345 1883; x_wconf 85' lang='lat' dir='ltr'><strong>ditur.</strong></span> <span class='ocrx_word' id='word_1_144' title='bbox 386 1826 490 1884; x_wconf 84' lang='lat' dir='ltr'><strong>Castra</strong></span> <span class='ocrx_word' id='word_1_145' title='bbox 503 1835 585 1884; x_wconf 86' lang='lat' dir='ltr'><strong>extra</strong></span> <span class='ocrx_word' id='word_1_146' title='bbox 598 1827 700 1884; x_wconf 89' lang='lat' dir='ltr'><strong>urbem</strong></span> <span class='ocrx_word' id='word_1_147' title='bbox 721 1828 751 1883; x_wconf 93' lang='lat' dir='ltr'><strong>in</strong></span> <span class='ocrx_word' id='word_1_148' title='bbox 772 1828 833 1902; x_wconf 89' lang='lat' dir='ltr'><strong>ipso</strong></span> <span class='ocrx_word' id='word_1_149' title='bbox 854 1827 935 1884; x_wconf 91' lang='lat' dir='ltr'><strong>litore</strong></span> <span class='ocrx_word' id='word_1_150' title='bbox 949 1827 1074 1885; x_wconf 92' lang='lat' dir='ltr'><strong>habebat</strong></span> <span class='ocrx_word' id='word_1_151' title='bbox 1087 1827 1200 1898; x_wconf 88' lang='lat' dir='ltr'><strong>Bostar,</strong></span> 
     </span>
     <span class='ocr_line' id='line_1_21' title="bbox 209 1904 1202 1982; baseline 0.001 -19"><span class='ocrx_word' id='word_1_152' title='bbox 209 1916 248 1971; x_wconf 80' lang='lat'><strong>20</strong></span> <span class='ocrx_word' id='word_1_153' title='bbox 258 1913 291 1963; x_wconf 91' lang='lat' dir='ltr'><strong>ut</strong></span> <span class='ocrx_word' id='word_1_154' title='bbox 311 1904 420 1963; x_wconf 92' lang='lat' dir='ltr'><strong>aditum</strong></span> <span class='ocrx_word' id='word_1_155' title='bbox 439 1924 475 1962; x_wconf 90' lang='lat' dir='ltr'><strong>ex</strong></span> <span class='ocrx_word' id='word_1_156' title='bbox 494 1923 530 1962; x_wconf 89' lang='lat' dir='ltr'><strong>ea</strong></span> <span class='ocrx_word' id='word_1_157' title='bbox 550 1915 631 1982; x_wconf 87' lang='lat' dir='ltr'><strong>parte</strong></span> <span class='ocrx_word' id='word_1_158' title='bbox 651 1905 857 1966; x_wconf 86' lang='lat' dir='ltr'><strong>intercluderet</strong></span> <span class='ocrx_word' id='word_1_159' title='bbox 878 1904 1027 1964; x_wconf 78' lang='lat' dir='ltr'><strong>Romanis.</strong></span> <span class='ocrx_word' id='word_1_160' title='bbox 1068 1905 1111 1964; x_wconf 91' lang='lat' dir='ltr'><strong>lbi</strong></span> <span class='ocrx_word' id='word_1_161' title='bbox 1131 1925 1202 1964; x_wconf 92' lang='lat' dir='ltr'><strong>eum</strong></span> 
     </span>
     <span class='ocr_line' id='line_1_22' title="bbox 258 1983 1202 2062; baseline 0.004 -22"><span class='ocrx_word' id='word_1_162' title='bbox 258 1984 289 2040; x_wconf 92' lang='lat' dir='ltr'><strong>in</strong></span> <span class='ocrx_word' id='word_1_163' title='bbox 302 1993 447 2042; x_wconf 88' lang='lat' dir='ltr'><strong>secretum</strong></span> <span class='ocrx_word' id='word_1_164' title='bbox 462 1983 618 2042; x_wconf 89' lang='lat' dir='ltr'><strong>abductum</strong></span> <span class='ocrx_word' id='word_1_165' title='bbox 631 1984 712 2042; x_wconf 87' lang='lat' dir='ltr'><strong>velut</strong></span> <span class='ocrx_word' id='word_1_166' title='bbox 732 1985 914 2062; x_wconf 85' lang='lat' dir='ltr'><strong>ignorantem</strong></span> <span class='ocrx_word' id='word_1_167' title='bbox 928 1995 1031 2054; x_wconf 89' lang='lat' dir='ltr'><strong>monet,</strong></span> <span class='ocrx_word' id='word_1_168' title='bbox 1046 2004 1104 2061; x_wconf 92' lang='lat' dir='ltr'><strong>quo</strong></span> <span class='ocrx_word' id='word_1_169' title='bbox 1123 1994 1202 2044; x_wconf 86' lang='lat' dir='ltr'><strong>statu</strong></span> 
     </span>
     <span class='ocr_line' id='line_1_23' title="bbox 258 2062 1202 2140; baseline 0.002 -20"><span class='ocrx_word' id='word_1_170' title='bbox 258 2064 295 2121; x_wconf 88' lang='lat' dir='ltr'><strong>sit</strong></span> <span class='ocrx_word' id='word_1_171' title='bbox 322 2081 385 2120; x_wconf 88' lang='lat' dir='ltr'><strong>res:</strong></span> <span class='ocrx_word' id='word_1_172' title='bbox 417 2072 526 2120; x_wconf 90' lang='lat' dir='ltr'><strong>metum</strong></span> <span class='ocrx_word' id='word_1_173' title='bbox 550 2064 724 2122; x_wconf 84' lang='lat' dir='ltr'><strong>continuisse</strong></span> <span class='ocrx_word' id='word_1_174' title='bbox 749 2063 786 2120; x_wconf 92' lang='lat' dir='ltr'><strong>ad</strong></span> <span class='ocrx_word' id='word_1_175' title='bbox 814 2083 879 2120; x_wconf 88' lang='lat' dir='ltr'><strong>eam</strong></span> <span class='ocrx_word' id='word_1_176' title='bbox 903 2062 980 2121; x_wconf 90' lang='lat' dir='ltr'><strong>diem</strong></span> <span class='ocrx_word' id='word_1_177' title='bbox 1004 2062 1202 2140; x_wconf 88' lang='lat' dir='ltr'><strong>Hispanorum</strong></span> 
     </span>
     <span class='ocr_line' id='line_1_24' title="bbox 259 2141 1203 2218; baseline 0.002 -20"><span class='ocrx_word' id='word_1_178' title='bbox 259 2142 377 2211; x_wconf 91' lang='lat' dir='ltr'><strong>animos,</strong></span> <span class='ocrx_word' id='word_1_179' title='bbox 393 2142 462 2216; x_wconf 88' lang='lat' dir='ltr'><strong>quia</strong></span> <span class='ocrx_word' id='word_1_180' title='bbox 484 2142 583 2218; x_wconf 85' lang='lat' dir='ltr'><strong>procul</strong></span> <span class='ocrx_word' id='word_1_181' title='bbox 599 2141 724 2199; x_wconf 88' lang='lat' dir='ltr'><strong>Romani</strong></span> <span class='ocrx_word' id='word_1_182' title='bbox 748 2143 897 2200; x_wconf 87' lang='lat' dir='ltr'><strong>abessent:</strong></span> <span class='ocrx_word' id='word_1_183' title='bbox 918 2161 998 2200; x_wconf 87' lang='lat' dir='ltr'><strong>nunc</strong></span> <span class='ocrx_word' id='word_1_184' title='bbox 1019 2143 1062 2200; x_wconf 90' lang='lat' dir='ltr'><strong>cis</strong></span> <span class='ocrx_word' id='word_1_185' title='bbox 1082 2142 1203 2202; x_wconf 88' lang='lat' dir='ltr'><strong>Iberum</strong></span> 
     </span>
     <span class='ocr_line' id='line_1_25' title="bbox 258 2220 1201 2298; baseline 0.003 -22"><span class='ocrx_word' id='word_1_186' title='bbox 258 2230 355 2277; x_wconf 89' lang='lat' dir='ltr'><strong>castra</strong></span> <span class='ocrx_word' id='word_1_187' title='bbox 378 2220 510 2276; x_wconf 84' lang='lat' dir='ltr'><strong>Romana</strong></span> <span class='ocrx_word' id='word_1_188' title='bbox 529 2239 602 2289; x_wconf 91' lang='lat' dir='ltr'><strong>esse,</strong></span> <span class='ocrx_word' id='word_1_189' title='bbox 623 2238 723 2278; x_wconf 89' lang='lat' dir='ltr'><strong>arcem</strong></span> <span class='ocrx_word' id='word_1_190' title='bbox 746 2231 839 2280; x_wconf 88' lang='lat' dir='ltr'><strong>tutam</strong></span> <span class='ocrx_word' id='word_1_191' title='bbox 863 2220 1086 2298; x_wconf 85' lang='lat' dir='ltr'><strong>perfugiumque</strong></span> <span class='ocrx_word' id='word_1_192' title='bbox 1110 2240 1201 2280; x_wconf 90' lang='lat' dir='ltr'><strong>novas</strong></span> 
     </span>
     <span class='ocr_line' id='line_1_26' title="bbox 208 2297 1202 2374; baseline 0.006 -21"><span class='ocrx_word' id='word_1_193' title='bbox 208 2309 248 2364; x_wconf 75' lang='lat'><strong>25</strong></span> <span class='ocrx_word' id='word_1_194' title='bbox 258 2297 420 2354; x_wconf 91' lang='lat' dir='ltr'><strong>volentibus</strong></span> <span class='ocrx_word' id='word_1_195' title='bbox 434 2316 497 2355; x_wconf 87' lang='lat' dir='ltr'><strong>res:</strong></span> <span class='ocrx_word' id='word_1_196' title='bbox 519 2299 625 2373; x_wconf 92' lang='lat' dir='ltr'><strong>itaque,</strong></span> <span class='ocrx_word' id='word_1_197' title='bbox 640 2318 713 2374; x_wconf 89' lang='lat' dir='ltr'><strong>quos</strong></span> <span class='ocrx_word' id='word_1_198' title='bbox 737 2308 831 2356; x_wconf 89' lang='lat' dir='ltr'><strong>metus</strong></span> <span class='ocrx_word' id='word_1_199' title='bbox 854 2318 912 2356; x_wconf 91' lang='lat' dir='ltr'><strong>non</strong></span> <span class='ocrx_word' id='word_1_200' title='bbox 934 2310 1038 2370; x_wconf 88' lang='lat' dir='ltr'><strong>teneat,</strong></span> <span class='ocrx_word' id='word_1_201' title='bbox 1060 2300 1202 2359; x_wconf 87' lang='lat' dir='ltr'><strong>beneficio</strong></span> 
     </span>
     <span class='ocr_line' id='line_1_27' title="bbox 258 2375 1201 2455; baseline 0.004 -23"><span class='ocrx_word' id='word_1_202' title='bbox 258 2385 287 2432; x_wconf 88' lang='lat' dir='ltr'><strong>et</strong></span> <span class='ocrx_word' id='word_1_203' title='bbox 299 2377 395 2452; x_wconf 90' lang='lat' dir='ltr'><strong>gratia</strong></span> <span class='ocrx_word' id='word_1_204' title='bbox 408 2375 610 2434; x_wconf 88' lang='lat' dir='ltr'><strong>devinciendos</strong></span> <span class='ocrx_word' id='word_1_205' title='bbox 628 2397 702 2435; x_wconf 86' lang='lat' dir='ltr'><strong>esse.</strong></span> <span class='ocrx_word' id='word_1_206' title='bbox 744 2377 862 2436; x_wconf 88' lang='lat' dir='ltr'><strong>Miranti</strong></span> <span class='ocrx_word' id='word_1_207' title='bbox 883 2377 996 2436; x_wconf 88' lang='lat' dir='ltr'><strong>Bostari</strong></span> <span class='ocrx_word' id='word_1_208' title='bbox 1010 2388 1201 2455; x_wconf 89' lang='lat' dir='ltr'><strong>percunctan-</strong></span> 
     </span>
     <span class='ocr_line' id='line_1_28' title="bbox 257 2455 1201 2534; baseline 0.003 -22"><span class='ocrx_word' id='word_1_209' title='bbox 257 2455 346 2530; x_wconf 88' lang='lat' dir='ltr'><strong>tique,</strong></span> <span class='ocrx_word' id='word_1_210' title='bbox 361 2455 505 2531; x_wconf 89' lang='lat' dir='ltr'><strong>quodnam</strong></span> <span class='ocrx_word' id='word_1_211' title='bbox 524 2455 553 2523; x_wconf 89' lang='lat' dir='ltr'><strong>id</strong></span> <span class='ocrx_word' id='word_1_212' title='bbox 574 2456 701 2514; x_wconf 90' lang='lat' dir='ltr'><strong>subitum</strong></span> <span class='ocrx_word' id='word_1_213' title='bbox 722 2465 808 2514; x_wconf 85' lang='lat' dir='ltr'><strong>tantae</strong></span> <span class='ocrx_word' id='word_1_214' title='bbox 829 2457 872 2514; x_wconf 92' lang='lat' dir='ltr'><strong>rei</strong></span> <span class='ocrx_word' id='word_1_215' title='bbox 893 2457 998 2514; x_wconf 91' lang='lat' dir='ltr'><strong>donum</strong></span> <span class='ocrx_word' id='word_1_216' title='bbox 1018 2466 1112 2534; x_wconf 90' lang='lat' dir='ltr'><strong>posset</strong></span> <span class='ocrx_word' id='word_1_217' title='bbox 1126 2477 1201 2524; x_wconf 89' lang='lat' dir='ltr'><strong>esse,</strong></span> 
     </span>
     <span class='ocr_line' id='line_1_29' title="bbox 259 2531 1201 2613; baseline 0.001 -21"><span class='ocrx_word' id='word_1_218' title='bbox 259 2531 420 2593; x_wconf 87' lang='lat' dir='ltr'><strong>“obsides&#39;&#39;</strong></span> <span class='ocrx_word' id='word_1_219' title='bbox 444 2534 538 2611; x_wconf 92' lang='lat' dir='ltr'><strong>inquit</strong></span> <span class='ocrx_word' id='word_1_220' title='bbox 564 2533 622 2591; x_wconf 87' lang='lat' dir='ltr'><strong>“in</strong></span> <span class='ocrx_word' id='word_1_221' title='bbox 644 2536 776 2594; x_wconf 89' lang='lat' dir='ltr'><strong>civitates</strong></span> <span class='ocrx_word' id='word_1_222' title='bbox 798 2537 930 2593; x_wconf 88' lang='lat' dir='ltr'><strong>remitte:</strong></span> <span class='ocrx_word' id='word_1_223' title='bbox 961 2535 990 2593; x_wconf 93' lang='lat' dir='ltr'><strong>id</strong></span> <span class='ocrx_word' id='word_1_224' title='bbox 1013 2545 1042 2594; x_wconf 90' lang='lat' dir='ltr'><strong>et</strong></span> <span class='ocrx_word' id='word_1_225' title='bbox 1066 2537 1201 2613; x_wconf 88' lang='lat' dir='ltr'><strong>privatim</strong></span> 
     </span>
     <span class='ocr_line' id='line_1_30' title="bbox 259 2614 1202 2690; baseline 0.003 -20"><span class='ocrx_word' id='word_1_226' title='bbox 259 2614 434 2689; x_wconf 89' lang='lat' dir='ltr'><strong>parentibus,</strong></span> <span class='ocrx_word' id='word_1_227' title='bbox 456 2632 579 2690; x_wconf 89' lang='lat' dir='ltr'><strong>quorum</strong></span> <span class='ocrx_word' id='word_1_228' title='bbox 602 2615 762 2672; x_wconf 86' lang='lat' dir='ltr'><strong>maximum</strong></span> <span class='ocrx_word' id='word_1_229' title='bbox 784 2634 888 2672; x_wconf 91' lang='lat' dir='ltr'><strong>nomen</strong></span> <span class='ocrx_word' id='word_1_230' title='bbox 913 2615 943 2670; x_wconf 91' lang='lat' dir='ltr'><strong>in</strong></span> <span class='ocrx_word' id='word_1_231' title='bbox 965 2614 1130 2672; x_wconf 85' lang='lat' dir='ltr'><strong>civitatibus</strong></span> <span class='ocrx_word' id='word_1_232' title='bbox 1158 2626 1202 2673; x_wconf 87' lang='lat' dir='ltr'><strong>est</strong></span> 
     </span>
     <span class='ocr_line' id='line_1_31' title="bbox 209 2691 1201 2770; baseline 0.002 -20"><span class='ocrx_word' id='word_1_233' title='bbox 209 2702 248 2758; x_wconf 75' lang='grc'><strong>30</strong></span> <span class='ocrx_word' id='word_1_234' title='bbox 258 2693 329 2761; x_wconf 90' lang='lat' dir='ltr'><strong>suis,</strong></span> <span class='ocrx_word' id='word_1_235' title='bbox 348 2702 377 2750; x_wconf 90' lang='lat' dir='ltr'><strong>et</strong></span> <span class='ocrx_word' id='word_1_236' title='bbox 397 2692 512 2768; x_wconf 88' lang='lat' dir='ltr'><strong>publice</strong></span> <span class='ocrx_word' id='word_1_237' title='bbox 536 2691 648 2770; x_wconf 91' lang='lat' dir='ltr'><strong>populis</strong></span> <span class='ocrx_word' id='word_1_238' title='bbox 669 2702 785 2770; x_wconf 87' lang='lat' dir='ltr'><strong>gratum</strong></span> <span class='ocrx_word' id='word_1_239' title='bbox 809 2694 880 2752; x_wconf 91' lang='lat' dir='ltr'><strong>erit:</strong></span> <span class='ocrx_word' id='word_1_240' title='bbox 913 2693 976 2750; x_wconf 90' lang='lat' dir='ltr'><strong>vult</strong></span> <span class='ocrx_word' id='word_1_241' title='bbox 999 2694 1053 2750; x_wconf 92' lang='lat' dir='ltr'><strong>sibi</strong></span> <span class='ocrx_word' id='word_1_242' title='bbox 1077 2695 1201 2770; x_wconf 90' lang='lat' dir='ltr'><strong>quisque</strong></span> 
     </span>
     <span class='ocr_line' id='line_1_32' title="bbox 258 2770 1199 2849; baseline 0.002 -21"><span class='ocrx_word' id='word_1_243' title='bbox 258 2771 348 2841; x_wconf 90' lang='lat' dir='ltr'><strong>credi,</strong></span> <span class='ocrx_word' id='word_1_244' title='bbox 376 2780 405 2828; x_wconf 92' lang='lat' dir='ltr'><strong>et</strong></span> <span class='ocrx_word' id='word_1_245' title='bbox 431 2771 529 2829; x_wconf 90' lang='lat' dir='ltr'><strong>habita</strong></span> <span class='ocrx_word' id='word_1_246' title='bbox 555 2772 627 2830; x_wconf 90' lang='lat' dir='ltr'><strong>fides</strong></span> <span class='ocrx_word' id='word_1_247' title='bbox 648 2773 740 2848; x_wconf 92' lang='lat' dir='ltr'><strong>ipsam</strong></span> <span class='ocrx_word' id='word_1_248' title='bbox 767 2771 938 2849; x_wconf 87' lang='lat' dir='ltr'><strong>plerumque</strong></span> <span class='ocrx_word' id='word_1_249' title='bbox 962 2771 1070 2848; x_wconf 90' lang='lat' dir='ltr'><strong>obligat</strong></span> <span class='ocrx_word' id='word_1_250' title='bbox 1095 2770 1199 2835; x_wconf 89' lang='lat' dir='ltr'><strong>fidem:</strong></span> 
     </span>
     <span class='ocr_line' id='line_1_33' title="bbox 258 2849 1200 2909; baseline 0.004 -4"><span class='ocrx_word' id='word_1_251' title='bbox 258 2849 450 2906; x_wconf 88' lang='lat' dir='ltr'><strong>ministerium</strong></span> <span class='ocrx_word' id='word_1_252' title='bbox 471 2850 711 2908; x_wconf 90' lang='lat' dir='ltr'><strong>restituendorum</strong></span> <span class='ocrx_word' id='word_1_253' title='bbox 731 2850 829 2908; x_wconf 89' lang='lat' dir='ltr'><strong>domos</strong></span> <span class='ocrx_word' id='word_1_254' title='bbox 849 2850 990 2909; x_wconf 88' lang='lat' dir='ltr'><strong>obsidium</strong></span> <span class='ocrx_word' id='word_1_255' title='bbox 1004 2850 1133 2908; x_wconf 86' lang='lat' dir='ltr'><strong>mihimet</strong></span> <span class='ocrx_word' id='word_1_256' title='bbox 1153 2851 1200 2909; x_wconf 75' lang='lat' dir='ltr'><strong>de·</strong></span> 
     </span>
     <span class='ocr_line' id='line_1_34' title="bbox 258 2927 1201 3006; baseline 0.004 -22"><span class='ocrx_word' id='word_1_257' title='bbox 258 2944 344 3003; x_wconf 89' lang='lat' dir='ltr'><strong>posco</strong></span> <span class='ocrx_word' id='word_1_258' title='bbox 357 2927 428 3001; x_wconf 85' lang='lat' dir='ltr'><strong>ipse,</strong></span> <span class='ocrx_word' id='word_1_259' title='bbox 450 2937 483 2985; x_wconf 92' lang='lat' dir='ltr'><strong>ut</strong></span> <span class='ocrx_word' id='word_1_260' title='bbox 495 2945 582 3004; x_wconf 88' lang='lat' dir='ltr'><strong>opera</strong></span> <span class='ocrx_word' id='word_1_261' title='bbox 602 2947 717 3005; x_wconf 87' lang='lat' dir='ltr'><strong>quoque</strong></span> <span class='ocrx_word' id='word_1_262' title='bbox 740 2929 871 3006; x_wconf 89' lang='lat' dir='ltr'><strong>impensa</strong></span> <span class='ocrx_word' id='word_1_263' title='bbox 891 2929 1044 2987; x_wconf 90' lang='lat' dir='ltr'><strong>consilium</strong></span> <span class='ocrx_word' id='word_1_264' title='bbox 1064 2929 1201 3005; x_wconf 89' lang='lat' dir='ltr'><strong>adjuvem</strong></span> 
     </span>
     <span class='ocr_line' id='line_1_35' title="bbox 258 3005 1199 3086; baseline 0.006 -26"><span class='ocrx_word' id='word_1_265' title='bbox 258 3013 399 3062; x_wconf 82' lang='lat' dir='ltr'><strong>meumst</strong></span> <span class='ocrx_word' id='word_1_266' title='bbox 420 3005 462 3062; x_wconf 87' lang='lat' dir='ltr'><strong>rei</strong></span> <span class='ocrx_word' id='word_1_267' title='bbox 482 3015 583 3081; x_wconf 89' lang='lat' dir='ltr'><strong>suapte</strong></span> <span class='ocrx_word' id='word_1_268' title='bbox 597 3016 702 3064; x_wconf 89' lang='lat' dir='ltr'><strong>natura</strong></span> <span class='ocrx_word' id='word_1_269' title='bbox 722 3017 821 3084; x_wconf 85' lang='lat' dir='ltr'><strong>gratae,</strong></span> <span class='ocrx_word' id='word_1_270' title='bbox 836 3018 975 3084; x_wconf 86' lang='lat' dir='ltr'><strong>quantam</strong></span> <span class='ocrx_word' id='word_1_271' title='bbox 994 3008 1114 3085; x_wconf 89' lang='lat' dir='ltr'><strong>insuper</strong></span> <span class='ocrx_word' id='word_1_272' title='bbox 1133 3027 1199 3086; x_wconf 90' lang='lat' dir='ltr'><strong>gra-</strong></span> 
     </span>
     <span class='ocr_line' id='line_1_36' title="bbox 211 3082 1201 3160; baseline 0.007 -22"><span class='ocrx_word' id='word_1_273' title='bbox 211 3082 330 3150; x_wconf 73' lang='lat' dir='ltr'><strong>35tiam</strong></span> <span class='ocrx_word' id='word_1_274' title='bbox 350 3084 465 3160; x_wconf 89' lang='lat' dir='ltr'><strong>possim,</strong></span> <span class='ocrx_word' id='word_1_275' title='bbox 481 3083 650 3160; x_wconf 86' lang='lat' dir='ltr'><strong>adjiciam.&#39;&#39;</strong></span> <span class='ocrx_word' id='word_1_276' title='bbox 691 3084 811 3144; x_wconf 92' lang='lat' dir='ltr'><strong>Homini</strong></span> <span class='ocrx_word' id='word_1_277' title='bbox 834 3105 892 3144; x_wconf 92' lang='lat' dir='ltr'><strong>non</strong></span> <span class='ocrx_word' id='word_1_278' title='bbox 907 3085 943 3146; x_wconf 85' lang='lat' dir='ltr'><strong>ad</strong></span> <span class='ocrx_word' id='word_1_279' title='bbox 967 3095 1064 3144; x_wconf 87' lang='lat' dir='ltr'><strong>cetera</strong></span> <span class='ocrx_word' id='word_1_280' title='bbox 1089 3086 1201 3145; x_wconf 88' lang='lat' dir='ltr'><strong>Punica</strong></span> 
     </span>
     <span class='ocr_line' id='line_1_37' title="bbox 259 3162 1200 3242; baseline 0.004 -24"><span class='ocrx_word' id='word_1_281' title='bbox 259 3162 377 3238; x_wconf 89' lang='lat' dir='ltr'><strong>ingenia</strong></span> <span class='ocrx_word' id='word_1_282' title='bbox 400 3162 505 3220; x_wconf 89' lang='lat' dir='ltr'><strong>callido</strong></span> <span class='ocrx_word' id='word_1_283' title='bbox 529 3172 561 3221; x_wconf 89' lang='lat' dir='ltr'><strong>ut</strong></span> <span class='ocrx_word' id='word_1_284' title='bbox 584 3165 736 3240; x_wconf 88' lang='lat' dir='ltr'><strong>persuasit,</strong></span> <span class='ocrx_word' id='word_1_285' title='bbox 760 3175 844 3223; x_wconf 89' lang='lat' dir='ltr'><strong>nocte</strong></span> <span class='ocrx_word' id='word_1_286' title='bbox 869 3166 946 3223; x_wconf 91' lang='lat' dir='ltr'><strong>clam</strong></span> <span class='ocrx_word' id='word_1_287' title='bbox 970 3183 1139 3242; x_wconf 89' lang='lat' dir='ltr'><strong>progressus</strong></span> <span class='ocrx_word' id='word_1_288' title='bbox 1164 3166 1200 3222; x_wconf 93' lang='lat' dir='ltr'><strong>ad</strong></span> 
     </span>
     <span class='ocr_line' id='line_1_38' title="bbox 259 3240 1200 3319; baseline 0.004 -21"><span class='ocrx_word' id='word_1_289' title='bbox 259 3240 385 3298; x_wconf 90' lang='lat' dir='ltr'><strong>hostium</strong></span> <span class='ocrx_word' id='word_1_290' title='bbox 399 3243 542 3312; x_wconf 85' lang='lat' dir='ltr'><strong>stationes,</strong></span> <span class='ocrx_word' id='word_1_291' title='bbox 557 3244 706 3300; x_wconf 82' lang='lat' dir='ltr'><strong>conventis</strong></span> <span class='ocrx_word' id='word_1_292' title='bbox 726 3244 900 3319; x_wconf 87' lang='lat' dir='ltr'><strong>quibusdam</strong></span> <span class='ocrx_word' id='word_1_293' title='bbox 921 3244 1111 3302; x_wconf 84' lang='lat' dir='ltr'><strong>auxiliaribus</strong></span> <span class='ocrx_word' id='word_1_294' title='bbox 1132 3243 1200 3303; x_wconf 89' lang='lat' dir='ltr'><strong>His-</strong></span> 
     </span>
     <span class='ocr_line' id='line_1_39' title="bbox 260 3320 1201 3398; baseline 0.002 -20"><span class='ocrx_word' id='word_1_295' title='bbox 260 3321 351 3397; x_wconf 89' lang='lat' dir='ltr'><strong>panis,</strong></span> <span class='ocrx_word' id='word_1_296' title='bbox 366 3331 395 3378; x_wconf 88' lang='lat' dir='ltr'><strong>et</strong></span> <span class='ocrx_word' id='word_1_297' title='bbox 419 3322 455 3378; x_wconf 92' lang='lat' dir='ltr'><strong>ab</strong></span> <span class='ocrx_word' id='word_1_298' title='bbox 476 3321 521 3378; x_wconf 90' lang='lat' dir='ltr'><strong>his</strong></span> <span class='ocrx_word' id='word_1_299' title='bbox 542 3320 579 3378; x_wconf 90' lang='lat' dir='ltr'><strong>ad</strong></span> <span class='ocrx_word' id='word_1_300' title='bbox 602 3321 767 3398; x_wconf 83' lang='lat' dir='ltr'><strong>Scipionem</strong></span> <span class='ocrx_word' id='word_1_301' title='bbox 791 3323 955 3398; x_wconf 85' lang='lat' dir='ltr'><strong>perductus,</strong></span> <span class='ocrx_word' id='word_1_302' title='bbox 980 3322 1050 3398; x_wconf 92' lang='lat' dir='ltr'><strong>quid</strong></span> <span class='ocrx_word' id='word_1_303' title='bbox 1074 3321 1201 3390; x_wconf 81' lang='lat' dir='ltr'><strong>afferret,</strong></span> 
     </span>
     <span class='ocr_line' id='line_1_40' title="bbox 261 3400 1202 3478; baseline 0.004 -22"><span class='ocrx_word' id='word_1_304' title='bbox 261 3401 412 3477; x_wconf 84' lang='lat' dir='ltr'><strong>exprimit:</strong></span> <span class='ocrx_word' id='word_1_305' title='bbox 443 3409 472 3458; x_wconf 90' lang='lat' dir='ltr'><strong>et</strong></span> <span class='ocrx_word' id='word_1_306' title='bbox 493 3400 549 3457; x_wconf 89' lang='lat' dir='ltr'><strong>fide</strong></span> <span class='ocrx_word' id='word_1_307' title='bbox 572 3410 691 3476; x_wconf 89' lang='lat' dir='ltr'><strong>accepta</strong></span> <span class='ocrx_word' id='word_1_308' title='bbox 715 3401 848 3478; x_wconf 89' lang='lat' dir='ltr'><strong>dataque,</strong></span> <span class='ocrx_word' id='word_1_309' title='bbox 873 3420 909 3458; x_wconf 93' lang='lat' dir='ltr'><strong>ac</strong></span> <span class='ocrx_word' id='word_1_310' title='bbox 936 3401 1000 3460; x_wconf 90' lang='lat' dir='ltr'><strong>loco</strong></span> <span class='ocrx_word' id='word_1_311' title='bbox 1022 3410 1051 3458; x_wconf 91' lang='lat' dir='ltr'><strong>et</strong></span> <span class='ocrx_word' id='word_1_312' title='bbox 1074 3411 1202 3478; x_wconf 88' lang='lat' dir='ltr'><strong>tempore</strong></span> 
     </span>
    </p>
   </div>
   <div class='ocr_carea' id='block_1_3' title="bbox 107 3478 1202 3556">
    <p class='ocr_par' dir='ltr' id='par_1_3' title="bbox 107 3478 1202 3556">
     <span class='ocr_line' id='line_1_41' title="bbox 107 3478 1202 3556; baseline 0.004 -22"><span class='ocrx_word' id='word_1_313' title='bbox 107 3512 109 3515; x_wconf 34' lang='lat' dir='ltr'>v</span> <span class='ocrx_word' id='word_1_314' title='bbox 214 3491 251 3546; x_wconf 70' lang='lat'><strong>40</strong></span> <span class='ocrx_word' id='word_1_315' title='bbox 261 3479 415 3536; x_wconf 88' lang='lat' dir='ltr'><strong>constituto</strong></span> <span class='ocrx_word' id='word_1_316' title='bbox 436 3478 472 3536; x_wconf 90' lang='lat' dir='ltr'><strong>ad</strong></span> <span class='ocrx_word' id='word_1_317' title='bbox 495 3479 608 3536; x_wconf 89' lang='lat' dir='ltr'><strong>obsides</strong></span> <span class='ocrx_word' id='word_1_318' title='bbox 629 3479 789 3550; x_wconf 83' lang='lat' dir='ltr'><strong>tradendos,</strong></span> <span class='ocrx_word' id='word_1_319' title='bbox 811 3479 976 3556; x_wconf 84' lang='lat' dir='ltr'><strong>Saguntum</strong></span> <span class='ocrx_word' id='word_1_320' title='bbox 1000 3479 1091 3552; x_wconf 85' lang='lat' dir='ltr'><strong>redit;</strong></span> <span class='ocrx_word' id='word_1_321' title='bbox 1124 3481 1202 3538; x_wconf 91' lang='lat' dir='ltr'><strong>diern</strong></span> 
     </span>
    </p>
   </div>
   <div class='ocr_carea' id='block_1_4' title="bbox 261 3557 1203 3871">
    <p class='ocr_par' dir='ltr' id='par_1_4' title="bbox 261 3557 1203 3871">
     <span class='ocr_line' id='line_1_42' title="bbox 261 3557 1203 3633; baseline 0.003 -20"><span class='ocrx_word' id='word_1_322' title='bbox 261 3557 458 3633; x_wconf 89' lang='lat' dir='ltr'><strong>insequentem</strong></span> <span class='ocrx_word' id='word_1_323' title='bbox 480 3558 638 3633; x_wconf 89' lang='lat' dir='ltr'><strong>absumpsit</strong></span> <span class='ocrx_word' id='word_1_324' title='bbox 661 3576 730 3618; x_wconf 89' lang='lat' dir='ltr'><strong>cum</strong></span> <span class='ocrx_word' id='word_1_325' title='bbox 752 3557 880 3627; x_wconf 87' lang='lat' dir='ltr'><strong>Bostare,</strong></span> <span class='ocrx_word' id='word_1_326' title='bbox 909 3558 1053 3615; x_wconf 89' lang='lat' dir='ltr'><strong>mandatis</strong></span> <span class='ocrx_word' id='word_1_327' title='bbox 1080 3557 1117 3616; x_wconf 88' lang='lat' dir='ltr'><strong>ad</strong></span> <span class='ocrx_word' id='word_1_328' title='bbox 1140 3577 1203 3616; x_wconf 88' lang='lat' dir='ltr'><strong>rem</strong></span> 
     </span>
     <span class='ocr_line' id='line_1_43' title="bbox 262 3634 1203 3711; baseline 0.003 -20"><span class='ocrx_word' id='word_1_329' title='bbox 262 3635 405 3710; x_wconf 86' lang='lat' dir='ltr'><strong>agendam</strong></span> <span class='ocrx_word' id='word_1_330' title='bbox 427 3636 612 3711; x_wconf 86' lang='lat' dir='ltr'><strong>accipiendis.</strong></span> <span class='ocrx_word' id='word_1_331' title='bbox 654 3634 807 3705; x_wconf 87' lang='lat' dir='ltr'><strong>Dimissus,</strong></span> <span class='ocrx_word' id='word_1_332' title='bbox 833 3655 902 3693; x_wconf 90' lang='lat' dir='ltr'><strong>cum</strong></span> <span class='ocrx_word' id='word_1_333' title='bbox 925 3656 957 3694; x_wconf 89' lang='lat' dir='ltr'><strong>se</strong></span> <span class='ocrx_word' id='word_1_334' title='bbox 977 3646 1061 3695; x_wconf 88' lang='lat' dir='ltr'><strong>nocte</strong></span> <span class='ocrx_word' id='word_1_335' title='bbox 1082 3638 1203 3707; x_wconf 90' lang='lat' dir='ltr'><strong>iturum,</strong></span> 
     </span>
     <span class='ocr_line' id='line_1_44' title="bbox 262 3713 1203 3792; baseline 0.006 -24"><span class='ocrx_word' id='word_1_336' title='bbox 262 3721 295 3768; x_wconf 92' lang='lat' dir='ltr'><strong>ut</strong></span> <span class='ocrx_word' id='word_1_337' title='bbox 307 3713 453 3771; x_wconf 88' lang='lat' dir='ltr'><strong>custodias</strong></span> <span class='ocrx_word' id='word_1_338' title='bbox 466 3715 590 3771; x_wconf 90' lang='lat' dir='ltr'><strong>hostium</strong></span> <span class='ocrx_word' id='word_1_339' title='bbox 605 3713 727 3783; x_wconf 84' lang='lat' dir='ltr'><strong>falleret,</strong></span> <span class='ocrx_word' id='word_1_340' title='bbox 742 3715 942 3785; x_wconf 90' lang='lat' dir='ltr'><strong>constituisset,</strong></span> <span class='ocrx_word' id='word_1_341' title='bbox 958 3715 995 3772; x_wconf 91' lang='lat' dir='ltr'><strong>ad</strong></span> <span class='ocrx_word' id='word_1_342' title='bbox 1016 3717 1203 3792; x_wconf 88' lang='lat' dir='ltr'><strong>compositam</strong></span> 
     </span>
     <span class='ocr_line' id='line_1_45' title="bbox 262 3791 1202 3871; baseline 0.007 -25"><span class='ocrx_word' id='word_1_343' title='bbox 262 3805 331 3846; x_wconf 84' lang='lat' dir='ltr'><strong>oum</strong></span> <span class='ocrx_word' id='word_1_344' title='bbox 355 3791 391 3846; x_wconf 92' lang='lat' dir='ltr'><strong>iis</strong></span> <span class='ocrx_word' id='word_1_345' title='bbox 412 3791 512 3848; x_wconf 91' lang='lat' dir='ltr'><strong>boram</strong></span> <span class='ocrx_word' id='word_1_346' title='bbox 526 3792 658 3848; x_wconf 88' lang='lat' dir='ltr'><strong>excitatis</strong></span> <span class='ocrx_word' id='word_1_347' title='bbox 678 3791 849 3850; x_wconf 87' lang='lat' dir='ltr'><strong>custodibus</strong></span> <span class='ocrx_word' id='word_1_348' title='bbox 867 3811 1024 3870; x_wconf 87' lang='lat' dir='ltr'><strong>puerorum</strong></span> <span class='ocrx_word' id='word_1_349' title='bbox 1045 3793 1202 3871; x_wconf 80' lang='lat' dir='ltr'><strong>profectus,</strong></span> 
     </span>
    </p>
   </div>
   <div class='ocr_carea' id='block_1_5' title="bbox 0 0 1365 4292">
    <p class='ocr_par' dir='ltr' id='par_1_5' title="bbox 0 0 1365 4292">
     <span class='ocr_line' id='line_1_46' title="bbox 0 0 1365 4292; baseline 0 0"><span class='ocrx_word' id='word_1_350' title='bbox 0 0 1365 4292; x_wconf 95' lang='lat' dir='ltr'><strong> </strong></span> 
     </span>
    </p>
   </div>
  </div>
 </body>
</html>
