2717 4292
516 335 602 378 mssa
623 337 656 378 11.
697 337 763 378 cu’.
778 338 810 379 V.
1113 327 1154 386 47

161 477 233 538 arat,
252 465 375 543 jamque
395 484 431 525 ex
453 485 489 525 eo
509 468 691 525 matrimonio
711 467 908 528 adolescentes
926 479 1011 528 erant
1023 467 1109 528 liberi

161 545 249 604 Titus
273 544 482 622 Tiberiusque.
532 545 593 603 Eos
614 565 730 623 qnoque
752 548 785 603 in
807 549 974 606 societatem
994 548 1109 606 consilii

160 625 305 683 avunculi
327 633 488 682 assumunt.
539 623 683 683 Prteterea
704 625 813 701 aliquot
830 637 860 684 et
882 627 993 685 nobiles
1012 627 1108 686 adole-

160 715 278 762 scentes
292 704 402 762 conscii
418 704 566 779 assumpti,
580 721 703 778 quorum
718 715 860 764 vetustate
874 708 1013 764 memoria
1026 707 1107 764 abiit.

160 783 286 841 Interim
310 801 380 839 cum
399 783 429 838 in
453 792 555 840 senatu
576 783 693 840 vicisset
714 785 865 855 sententia,
886 803 954 860 quse
973 787 1134 844 censebatb

162 861 312 919 reddenda
339 861 422 930 bona,
450 879 573 936 eamque
601 862 695 937 ipsam
720 881 841 920 causam
868 882 956 921 morae
981 865 1013 921 in
1036 865 1109 922 urbe

160 941 304 998 baberent
324 939 422 1015 legati,
437 939 513 1015 quod
533 941 657 1016 spatium
671 940 708 997 ad
728 942 865 999 vehicula
877 941 1071 1019 comparanda
1091 962 1110 1001 a

161 1019 334 1079 consulibus
364 1020 560 1094 sumpsissent,
584 1019 691 1095 quibus
719 1038 821 1097 regum
849 1031 1026 1098 asportarent
1052 1041 1109 1091 res,

161 1117 249 1156 omne
273 1097 302 1154 id
327 1099 441 1172 temp‘us
465 1117 534 1155 curn
558 1098 717 1173 conjuratis
737 1099 926 1157 consultando
945 1101 1109 1170 absumunt,

162 1180 361 1252 evincuntque
381 1176 523 1247 instando,
548 1186 580 1234 ut
603 1177 707 1235 litterae
726 1179 782 1234 sibi
805 1179 842 1236 ad
863 1178 1041 1255 Tarquinios
1059 1181 1108 1238 de·
1121 1181 1158 1237 1⁰

162 1266 285 1315 rentur:
307 1271 377 1312 nam
391 1255 475 1313 aliter
488 1257 539 1331 qui
552 1255 714 1314 credituros
726 1276 784 1327 eos,
795 1276 853 1316 nou
866 1277 943 1315 vana
956 1260 993 1316 ab
1006 1259 1110 1336 legatis

163 1355 253 1413 super
274 1335 364 1392 rebus
376 1335 464 1392 tantis
484 1333 605 1392 afferril
637 1333 723 1392 Datae
736 1335 849 1405 litterae,
869 1346 903 1394 ut
921 1338 1027 1414 pignus
1042 1339 1110 1395 fidei

162 1423 270 1486 essent,
291 1412 477 1471 manifestum
500 1412 615 1471 lacinus
638 1411 782 1472 sccenmt.
823 1414 903 1472 Nam
923 1433 1001 1486 oum,
1018 1416 1110 1494 pridie

163 1513 254 1570 quam
278 1493 368 1569 legati
389 1492 425 1550 ad
447 1491 624 1568 Tarquinios
647 1492 908 1568 proficiscerentur,
925 1503 957 1550 et
974 1507 1110 1552 cenatum

135 1591 142 1602 ·
163 1572 237 1631 sorte
252 1571 330 1648 apud
341 1571 476 1630 Vitellios
489 1581 573 1641 essct,
584 1572 786 1647 conjuratique
799 1572 848 1642 ibi,
859 1574 977 1630 remotis
986 1572 1109 1649 arbitris,
1124 1575 1159 1630 lt

163 1652 259 1710 multa
272 1653 349 1708 inter
362 1669 394 1707 se
407 1650 443 1708 de
456 1669 539 1721 novo,
554 1660 586 1708 ut
606 1650 646 1720 fit,
662 1650 782 1709 oonsilio
799 1652 935 1728 egissent,
949 1669 1110 1709 sermonem

163 1749 268 1790 eorum
287 1747 326 1787 ex
340 1729 432 1799 servis
445 1747 523 1787 unus
536 1730 659 1806 excepit,
673 1731 725 1806 qni
745 1730 808 1806 jam
822 1740 909 1787 antea
927 1729 958 1787 id
980 1741 1110 1788 senserat

164 1811 223 1887 agi,
238 1809 290 1867 sed
308 1827 375 1866 eam
388 1809 578 1878 occasionem,
594 1818 626 1866 ut
645 1808 749 1867 litterae
766 1809 871 1886 legatis
883 1808 1030 1880 darentur,
1044 1828 1110 1886 que

163 1889 351 1966 deprebensae
360 1906 422 1946 rem
431 1885 591 1965 coarguere
604 1899 728 1964 possent,
736 1888 938 1965 exspectabat:
959 1899 1110 1966 postquam

162 1967 248 2026 datas
261 1967 360 2036 sensit,
368 1985 436 2030 ¹rem
451 1966 487 2024 ad
501 1965 635 2024 consules
652 1966 764 2024 detulit.
804 1966 947 2024 Consules
960 1967 997 2024 ad
1010 1968 1109 2044 depre·
1118 1970 1160 2028 20

103 2089 106 2096 ·
163 2046 333 2106 hendendos
356 2046 466 2122 legatos
486 2045 708 2121 conjuratosque
728 2043 849 2122 profecti
868 2045 961 2114 deuio,
981 2046 1044 2104 sine
1065 2056 1109 2104 tu-

163 2126 261 2184 multu
275 2143 338 2182 rem
352 2143 465 2182 omnem
479 2143 663 2201 oppressere:
685 2124 846 2181 litterarum
859 2125 890 2181 in
903 2124 1004 2200 primis
1013 2124 1111 2183 habita

163 2223 248 2274 cura,
263 2223 301 2260 ne
321 2203 536 2260 interciderent.
578 2202 773 2261 Proditoribus
785 2203 930 2279 extemplo
947 2203 978 2260 in
991 2205 1110 2262 vincula

163 2283 315 2360 conjectis,
330 2283 366 2340 de
380 2282 483 2360 legatis
503 2281 657 2360 paululum
671 2281 869 2340 addubitatum
889 2291 942 2352 est,
955 2292 994 2353 et,
1008 2301 1109 2360 quam.

164 2381 254 2439 quam
275 2363 422 2419 visisunt
444 2360 630 2431 commisisse,
652 2370 685 2418 ut
708 2362 833 2418 bostium
854 2361 918 2419 loco
938 2373 1043 2432 ment,
1060 2363 1159 2439 jus25

164 2451 263 2499 tamen
287 2441 419 2517 gentium
438 2440 542 2498 valuit.
590 2439 630 2497 V.
650 2439 697 2497 De
718 2440 800 2502 bunis
824 2441 923 2516 regiis,
943 2459 1010 2517 quae
1030 2441 1110 2499 reddi

165 2530 233 2578 ante
247 2529 431 2588 censuerant,
446 2535 492 2576 res
506 2520 619 2595 integra
639 2518 766 2576 refertur
778 2519 815 2576 ad
835 2528 941 2595 patres.
983 2519 1027 2576 Ibi
1041 2521 1110 2577 victi

164 2599 210 2656 ira
224 2609 345 2658 vetuere
359 2597 449 2667 reddi,
463 2607 583 2682 vetuege
602 2598 634 2653 in
654 2596 804 2673 publicum
820 2596 930 2670 redigi:
951 2596 1111 2671 diripienda

163 2677 244 2754 plebi
256 2687 325 2734 sunt
345 2677 421 2747 data,
436 2686 476 2746 ut,
491 2685 624 2735 contacta
637 2675 719 2752 regia
739 2674 845 2750 praeda,
859 2692 940 2749 spem
959 2674 989 2730 in
1010 2693 1109 2751 perpe.

162 2763 251 2814 tuum
265 2775 335 2814 cum
356 2755 391 2813 iis
407 2757 488 2832 pacis
501 2755 654 2812 amitteret.
697 2753 781 2830 Ager
802 2752 1039 2829 Tarquiniorum,
1059 2754 1160 2829 quiec

165 2835 243 2893 inter
262 2836 366 2892 urbem
381 2853 416 2893 ac
436 2834 568 2893 Tiberim
589 2831 652 2904 suit,
668 2842 855 2891 consecratus
875 2831 972 2903 Marti,
987 2831 1110 2891 Martius

165 2914 270 2972 deinde
290 2933 413 2990 campus
437 2912 502 2972 suit.
542 2911 632 2971 Forte
649 2912 691 2970 ibi
710 2922 773 2970 tum
793 2931 878 2989 seges
898 2911 983 2969 farris
1003 2912 1111 2971 dicitur

165 2990 256 3051 fnisse
265 3002 380 3050 matura
394 2993 498 3050 messi:
519 3010 605 3068 quern
616 2992 710 3067 campi
724 2990 852 3050 fructum
859 2993 930 3068 quia
943 2991 1111 3068 religiosum

164 3081 230 3129 erat
243 3090 426 3141 consumere,
440 3072 585 3130 desectam
601 3089 668 3128 oum
681 3079 838 3128 stramento
856 3080 985 3148 segetem
1004 3089 1110 3150 magna

164 3151 210 3208 vis
231 3151 382 3208 bominum
395 3151 483 3209 simul
503 3149 632 3208 immissa
645 3149 780 3208 corbibus
801 3148 902 3208 fudere
914 3151 947 3206 in
967 3149 1108 3220 Tiberim,
1119 3153 1156 3208 35

164 3230 247 3287 tenui
260 3230 399 3287 fluentem
414 3248 499 3306 aqua,
509 3239 542 3287 ut
555 3227 656 3286 mediis
669 3229 815 3287 caloribus
828 3229 916 3287 solet:
936 3229 977 3286 ita
990 3228 1020 3284 in
1029 3227 1111 3285 vadis

164 3306 324 3366 haesitantis
346 3307 482 3368 frumenti
507 3325 626 3366 acervos
645 3307 753 3366 sedisse
773 3306 860 3364 illitos
877 3308 964 3365 limo:
984 3306 1110 3363 insulem

165 3385 233 3444 iude
256 3387 406 3462 paulatim,
432 3396 461 3445 et
485 3387 559 3457 aliis,
583 3405 649 3462 qnae
670 3385 726 3444 fert
747 3395 856 3443 temere
876 3387 994 3454 flumen,
1009 3383 1110 3440 eodem

165 3465 299 3536 invectis,
325 3466 449 3524 factam:
480 3476 577 3542 postea
600 3465 688 3523 credo
712 3463 822 3522 additus
843 3463 942 3531 moles,
963 3479 1110 3538 manuque

166 3542 308 3618 adjutum,
320 3555 355 3602 ut
375 3555 435 3603 tam
456 3546 586 3603 eminens
606 3563 686 3614 area,
701 3543 843 3619 firmaque
862 3540 976 3616 templis
995 3558 1109 3616 quoque
1120 3545 1157 3598 lo

166 3640 202 3679 ac
231 3624 390 3699 porticibus
413 3623 586 3682 sustinendis
606 3633 691 3680 esset.
740 3620 869 3696 Direptis
892 3619 973 3677 bonis
997 3637 1109 3696 regum,

165 3700 295 3760 darnneti
315 3703 480 3779 proditores,
499 3713 704 3779 sumptumque
724 3699 908 3777 supplicium,
929 3699 1111 3774 conspectius

165 3798 210 3849 eo,
223 3780 302 3856 quod
315 3799 410 3858 poenae
423 3781 572 3858 capiendae
585 3780 780 3838 ministerium
794 3779 868 3856 patri
882 3778 917 3835 de
930 3777 1031 3835 liberis
1043 3795 1110 3835 oon-

165 3858 281 3918 sulatus
301 3861 447 3937 imposuit,
471 3869 510 3932 et,
524 3860 576 3937 qni
595 3867 739 3936 spectator
759 3867 822 3916 erat
841 3857 1018 3917 amovendus
1041 3873 1111 3914 eum
