2717 4292
480 309 568 350 arnna
588 310 651 351 ur.
693 311 759 351 cnr.
775 312 860 353 nxru.
1110 303 1168 365 141

170 459 213 499 eae
226 440 367 518 legiones,
382 458 448 516 quae
468 439 626 499 Placentiae
647 441 847 515 hibernabant,
861 453 938 504 sone
951 456 1120 521 evenerunt,

169 519 300 578 edictum
325 530 353 578 et
381 519 492 577 litteras
517 519 552 576 ad
577 521 727 579 consulem
750 522 838 593 misit,
863 534 895 581 ut
921 524 948 583 is
973 525 1121 585 exercitus

169 600 265 658 idibus
289 599 404 657 Martiis
429 600 556 656 Arimini
578 600 691 658 adesset
710 602 868 660 incastris.
909 603 989 663 Huic
1011 606 1041 662 iu
1055 599 1120 682 pro·

169 681 267 737 vincia
281 680 467 736 consulatum
488 680 561 737 inire
582 680 736 737 consilium
757 691 829 751 erat,
852 672 972 741 mer‘nori
986 695 1119 744 veterum

168 760 364 817 certaminum
387 777 455 815 cum
480 759 618 835 patribus,
640 779 706 835 quae
730 760 864 819 tribunus
888 763 981 839 plebis
1005 774 1033 823 et
1051 767 1148 841 quaed

169 840 268 916 postea
290 839 401 906 consul,
424 838 505 913 prius
524 838 560 895 de
582 840 734 896 consulatu
755 841 806 915 qui
828 841 1029 918 abrogabatur,
1051 844 1118 902 dein

169 918 205 974 de
225 918 372 995 triumpho
393 916 550 974 habuerat:
572 918 684 975 invisus
704 920 792 976 etiam
813 922 942 995 patribus
963 923 999 979 ob
1012 942 1118 981 novam

168 996 275 1073 legem,
290 1015 379 1071 quam
400 996 440 1062 Q.
455 996 596 1055 Claudius
616 998 749 1055 tribunus
769 999 861 1076 plebis
875 1000 1015 1058 adversus
1035 1021 1117 1059 sena-

167 1084 241 1146 tum,
264 1086 361 1151 atque,
384 1094 441 1135 uno
462 1086 577 1153 patrum
594 1076 751 1152 adjuvante
775 1078 810 1136 C.
825 1078 979 1150 Flaminio,
1001 1080 1116 1151 tulerat,

168 1173 206 1212 ue
230 1157 298 1231 quis
321 1165 435 1213 senator
459 1156 545 1213 cuive
569 1166 684 1214 senator
708 1166 790 1232 pater
814 1156 923 1229 suisset,
939 1161 1116 1218 maritimam
1130 1161 1166 1217 lo

168 1252 284 1305 navem,
306 1253 372 1310 quae
392 1234 567 1311 plusquam
588 1244 785 1293 trecentarum
807 1239 1011 1315 amphorarum
1031 1249 1115 1311 esset,

167 1312 299 1373 haberet.
341 1312 374 1372 Id
390 1314 460 1372 satis
473 1314 605 1372 habitum
620 1314 656 1373 ad
671 1312 784 1372 fructus
798 1334 835 1372 ex
849 1317 928 1394 egris
942 1320 1115 1378 vectandos:

167 1404 296 1468 quaestus
305 1394 398 1451 omnis
408 1393 701 1469 patribusindecorus
710 1395 800 1451 visus.
830 1394 899 1465 Res,
908 1414 961 1472 per
970 1416 1115 1456 summam
1185 1427 1201 1457 ι

73 1478 79 1489 ’
167 1473 379 1531 contentionem
394 1482 468 1543 acta,
483 1471 623 1530 invidiam
637 1472 715 1549 apud
725 1472 902 1531 nobilitatam
916 1477 1028 1533 suasori
1042 1476 1116 1553 legis

166 1550 322 1622 Flaminio,
338 1548 467 1610 favorem
482 1551 558 1628 apud
575 1552 690 1629 plebem
704 1552 886 1629 alterumque
900 1553 967 1611 inde
981 1555 1114 1613 consula·
1127 1559 1164 1615 15

167 1640 230 1689 tum
244 1632 366 1710 peperit.
409 1631 455 1689 Ob
470 1632 533 1690 haec
544 1641 625 1689 ratus
639 1632 778 1707 auspiciis
791 1632 981 1690 ementiendis
995 1633 1114 1692 Latina·

167 1730 291 1787 rumque
307 1710 446 1769 feriarum
460 1720 583 1768 morast
603 1712 806 1769 consularibus
819 1711 884 1769 aliis
903 1712 1115 1789 impedimentis

165 1801 329 1850 retenturos
349 1810 380 1848 se
401 1792 431 1847 in
453 1790 534 1860 urbe,
555 1790 691 1848 simulato
711 1790 823 1863 itinere,
836 1793 965 1867 privatus
986 1792 1063 1850 clam
1082 1793 1114 1850 in

165 1871 346 1947 provinciam
370 1871 450 1928 abiit.
494 1869 541 1927 Ea
563 1888 610 1927 res
632 1870 682 1927 ubi
710 1869 807 1947 palam
830 1870 907 1929 iacta
931 1880 983 1942 cst,
1008 1890 1113 1931 novam

117 1964 123 1977 ·
164 1954 285 2028 insuper
305 1952 379 2007 iram
394 1949 505 2007 infestis
526 1949 587 2025 jam
603 1959 668 2007 ante
691 1950 821 2027 patribus
839 1951 945 2008 movit:
966 1970 1021 2007 non
1043 1953 1163 2010 cum20

164 2040 269 2087 senatu
285 2029 377 2100 modo,
387 2028 436 2087 sed
448 2029 510 2104 jam
519 2048 587 2085 cum
601 2028 657 2086 diis
667 2030 877 2087 immortalibus
885 2029 920 2087 C.
933 2029 1113 2088 Flaminium

164 2110 277 2166 bellum
290 2116 419 2185 'gerere:
441 2108 590 2167 consulem
610 2118 678 2166 ante
699 2109 880 2184 inauspicato
902 2108 1010 2166 sactum
1032 2128 1112 2168 revo-

164 2189 301 2245 cantibus
315 2207 351 2245 ex
372 2190 434 2265 ipsa
448 2188 511 2245 acie
532 2186 587 2245 diis
608 2197 695 2264 atque
715 2188 879 2246 hominibus
893 2207 950 2245 non
971 2190 1113 2265 paruisse,

163 2286 244 2325 nunc
267 2268 446 2325 conscientia
465 2276 627 2343 spretorum
648 2277 676 2325 et
694 2266 868 2345 Capitolium
890 2278 919 2326 et
942 2268 1112 2327 sollemnem

164 2357 298 2405 votorum
319 2347 563 2423 nuncupationem
585 2345 705 2424 fugisse,
720 2366 757 2405 ne
778 2346 824 2405 dic
841 2347 904 2405 initi
925 2349 1111 2425 magistratus
1121 2352 1161 2406 25

163 2425 245 2484 lovis
260 2427 360 2502 optimi
381 2426 499 2483 maximi
513 2425 654 2502 templum
666 2426 779 2498 adiret;
802 2445 839 2483 ne
853 2437 986 2484 senatum
1000 2429 1111 2485 invisus

163 2507 225 2583 ipse
235 2516 266 2563 et
280 2506 336 2563 sibi
351 2506 401 2562 uni
416 2506 541 2562 invisum
551 2505 661 2562 videret
675 2506 914 2581 consuleretque3
937 2524 974 2562 ne
989 2505 1111 2564 Latinas

162 2585 316 2655 indiceret,
330 2583 454 2660 Jovique
473 2584 586 2642 Latiari
607 2583 747 2641 sollemne
763 2602 881 2639 sacrum
902 2585 933 2640 in
953 2594 1048 2641 monte
1070 2583 1111 2641 ia·

163 2676 264 2737 ceret3
287 2683 324 2721 ne
339 2665 487 2742 auspicato
508 2662 654 2739 proiectus
675 2662 706 2718 in
719 2660 893 2738 Capitolium
909 2661 944 2718 ad
959 2672 1025 2719 vota
1037 2671 1110 2719 riun-

163 2744 309 2821 cupanda,
325 2743 468 2822 paludatis
481 2743 548 2799 inde
562 2761 631 2799 cum
640 2741 789 2799 lictoribus
803 2742 832 2797 in
847 2741 1025 2817 provinciam
1040 2742 1109 2800 iret:
1122 2745 1161 2799 30

162 2819 232 2881 lixae
246 2824 330 2882 modo
344 2824 406 2881 sine
421 2823 591 2899 insignibus,
607 2822 668 2879 sine
684 2820 834 2878 lictoribus
847 2819 1008 2901 profectum
1023 2821 1110 2893 clam,

164 2902 275 2973 furtim,
292 2903 368 2959 haud
391 2902 475 2959 aliter
488 2921 577 2977 quam
591 2901 616 2958 si
630 2900 726 2958 exsilii
747 2920 838 2958 causa
851 2900 945 2958 solum
961 2902 1109 2960 vertisset:

164 2983 260 3060 magis
274 3000 326 3059 pro
340 2982 489 3058 majestate
500 2980 634 3038 videlicet
648 2980 762 3056 imperii
772 2981 898 3038 Arimini
912 3001 1000 3057 quam
1010 2980 1111 3040 Romae

165 3063 368 3139 magistratum
382 3062 531 3130 initurum,
541 3070 570 3117 et
580 3060 610 3116 iu
624 3059 782 3117 diversorio
795 3061 927 3137 hospitali
935 3081 1024 3137 quam
1034 3060 1128 3139 apud

166 3151 284 3219 penates
293 3160 360 3198 suos
369 3150 537 3217 praetextam
546 3148 740 3215 sumpturum.
764 3140 972 3198 Revocandum
981 3142 1110 3199 universi
1121 3144 1159 3198 35

164 3219 428 3295 retrahendumque
448 3229 633 3289 censuerunt,
648 3228 677 3276 et
698 3219 859 3296 cogendum
874 3221 1007 3277 omnibus
1027 3222 1109 3297 prius

164 3310 336 3377 praesentem
360 3301 391 3355 in
415 3298 483 3357 deos
507 3298 694 3373 hominesque
715 3297 798 3376 fungi
825 3298 935 3368 officiis,
957 3317 1045 3373 quam
1074 3298 1110 3355 ad

164 3381 327 3437 exercitum
352 3379 432 3436 etin
457 3378 634 3455 provinciam
658 3378 719 3435 iret.
762 3378 796 3436 In
810 3395 876 3434 eam
896 3377 1110 3453 legationem-

164 3458 276 3535 legatos
297 3459 374 3515 enim
390 3459 463 3515 mitti
478 3457 665 3533 placuit-Q.
683 3456 840 3514 Terentius
853 3465 882 3513 et
896 3454 937 3511 M.
955 3455 1108 3525 Antistius,

164 3537 296 3614 profecti,
311 3538 402 3595 nihilo
417 3538 509 3613 magis
524 3555 592 3594 eum
606 3544 767 3604 moverunt,
782 3553 870 3610 quam
892 3534 985 3609 priore
1007 3552 1108 3591 consu·
1119 3535 1158 3592 40

165 3615 226 3674 latu
241 3618 346 3674 litterae
361 3626 510 3674 moverant
524 3616 560 3673 ab
581 3625 683 3673 senatu
704 3616 816 3671 missae:
838 3632 946 3689 paucos
966 3623 1028 3689 post
1048 3612 1112 3671 dies

65 3720 71 3725 ·
165 3697 368 3773 magistratum
392 3696 464 3767 iniit,
490 3695 706 3769 immolantique
728 3694 756 3751 ei
781 3693 890 3750 vitulus
910 3691 974 3769 jam
997 3693 1110 3752 ictusa

165 3777 300 3834 manibus
314 3775 542 3834 sacrificantium
556 3793 619 3832 sese
633 3791 703 3830 curn
723 3773 918 3849 proripuisset,
933 3771 1038 3831 multos
1054 3773 1108 3831 cir-

165 3864 345 3914 cumstantes
369 3873 474 3913 cruore
498 3853 651 3931 respersit:
684 3850 755 3931 fuga
776 3852 880 3931 procul
907 3852 995 3912 etiam
1018 3851 1112 3927 major
