<?xml version="1.0" encoding="UTF-8"?>
<!DOCTYPE html PUBLIC "-//W3C//DTD XHTML 1.0 Transitional//EN"
    "http://www.w3.org/TR/xhtml1/DTD/xhtml1-transitional.dtd">
<html xmlns="http://www.w3.org/1999/xhtml" xml:lang="en" lang="en">
 <head>
  <title>
</title>
<meta http-equiv="Content-Type" content="text/html;charset=utf-8" />
  <meta name='ocr-system' content='tesseract 3.04.00' />
  <meta name='ocr-capabilities' content='ocr_page ocr_carea ocr_par ocr_line ocrx_word'/>
</head>
<body>
  <div class='ocr_page' id='page_1' title='image "./selectionsfromf01alscgoog_0102.png"; bbox 0 0 2717 4292; ppageno 0'>
   <div class='ocr_carea' id='block_1_1' title="bbox 186 274 756 335">
    <p class='ocr_par' dir='ltr' id='par_1_1' title="bbox 186 274 756 335">
     <span class='ocr_line' id='line_1_1' title="bbox 186 274 756 335; baseline 0.007 -22"><span class='ocrx_word' id='word_1_1' title='bbox 186 274 226 335; x_wconf 78' lang='lat'>34</span> <span class='ocrx_word' id='word_1_2' title='bbox 604 276 662 317; x_wconf 86' lang='lat' dir='ltr'>rrn</span> <span class='ocrx_word' id='word_1_3' title='bbox 684 276 756 318; x_wconf 84' lang='lat' dir='ltr'>nrru</span> 
     </span>
    </p>
   </div>
   <div class='ocr_carea' id='block_1_2' title="bbox 184 406 1189 3652">
    <p class='ocr_par' dir='ltr' id='par_1_2' title="bbox 187 406 1183 1196">
     <span class='ocr_line' id='line_1_2' title="bbox 236 406 1181 485; baseline 0.004 -21"><span class='ocrx_word' id='word_1_4' title='bbox 236 426 344 485; x_wconf 81' lang='lat' dir='ltr'><strong>perque</strong></span> <span class='ocrx_word' id='word_1_5' title='bbox 356 417 443 465; x_wconf 89' lang='lat' dir='ltr'>totam</span> <span class='ocrx_word' id='word_1_6' title='bbox 455 408 549 464; x_wconf 87' lang='lat' dir='ltr'>aciem</span> <span class='ocrx_word' id='word_1_7' title='bbox 560 406 725 464; x_wconf 89' lang='lat' dir='ltr'>Romanum</span> <span class='ocrx_word' id='word_1_8' title='bbox 736 406 864 483; x_wconf 89' lang='lat' dir='ltr'>legatum</span> <span class='ocrx_word' id='word_1_9' title='bbox 876 427 939 464; x_wconf 90' lang='lat' dir='ltr'>esse</span> <span class='ocrx_word' id='word_1_10' title='bbox 950 408 1067 485; x_wconf 83' lang='lat' dir='ltr'>signum</span> <span class='ocrx_word' id='word_1_11' title='bbox 1081 407 1181 469; x_wconf 89' lang='lat' dir='ltr'>datum</span> 
     </span>
     <span class='ocr_line' id='line_1_3' title="bbox 236 486 1182 563; baseline -0.004 -19"><span class='ocrx_word' id='word_1_12' title='bbox 236 498 289 544; x_wconf 90' lang='lat' dir='ltr'>cst.</span> <span class='ocrx_word' id='word_1_13' title='bbox 332 487 447 545; x_wconf 83' lang='lat' dir='ltr'><strong>Omissa</strong></span> <span class='ocrx_word' id='word_1_14' title='bbox 469 486 535 544; x_wconf 87' lang='lat' dir='ltr'>inde</span> <span class='ocrx_word' id='word_1_15' title='bbox 558 488 588 543; x_wconf 93' lang='lat' dir='ltr'>in</span> <span class='ocrx_word' id='word_1_16' title='bbox 608 487 743 544; x_wconf 85' lang='lat' dir='ltr'>Clusinos</span> <span class='ocrx_word' id='word_1_17' title='bbox 765 489 818 555; x_wconf 91' lang='lat' dir='ltr'>ira,</span> <span class='ocrx_word' id='word_1_18' title='bbox 839 488 968 563; x_wconf 88' lang='lat' dir='ltr'>receptui</span> <span class='ocrx_word' id='word_1_19' title='bbox 988 498 1106 558; x_wconf 89' lang='lat' dir='ltr'>canunt,</span> <span class='ocrx_word' id='word_1_20' title='bbox 1129 490 1182 547; x_wconf 89' lang='lat' dir='ltr'>mi.</span> 
     </span>
     <span class='ocr_line' id='line_1_4' title="bbox 235 564 1182 641; baseline 0.003 -19"><span class='ocrx_word' id='word_1_21' title='bbox 235 576 336 623; x_wconf 85' lang='lat' dir='ltr'>nantes</span> <span class='ocrx_word' id='word_1_22' title='bbox 358 566 507 623; x_wconf 87' lang='lat' dir='ltr'>Romanis.</span> <span class='ocrx_word' id='word_1_23' title='bbox 551 564 652 635; x_wconf 82' lang='lat' dir='ltr'><strong>Erant,</strong></span> <span class='ocrx_word' id='word_1_24' title='bbox 672 567 723 641; x_wconf 92' lang='lat' dir='ltr'>qui</span> <span class='ocrx_word' id='word_1_25' title='bbox 744 565 887 641; x_wconf 89' lang='lat' dir='ltr'>extemplo</span> <span class='ocrx_word' id='word_1_26' title='bbox 909 566 1031 623; x_wconf 91' lang='lat' dir='ltr'>Romam</span> <span class='ocrx_word' id='word_1_27' title='bbox 1052 568 1182 625; x_wconf 89' lang='lat' dir='ltr'>eundum</span> 
     </span>
     <span class='ocr_line' id='line_1_5' title="bbox 236 644 1182 722; baseline 0.001 -19"><span class='ocrx_word' id='word_1_28' title='bbox 236 657 403 703; x_wconf 82' lang='lat' dir='ltr'>censerent:</span> <span class='ocrx_word' id='word_1_29' title='bbox 436 644 532 703; x_wconf 70' lang='lat' dir='ltr'>vicere</span> <span class='ocrx_word' id='word_1_30' title='bbox 561 646 697 715; x_wconf 78' lang='lat' dir='ltr'>senioreS,</span> <span class='ocrx_word' id='word_1_31' title='bbox 720 656 752 703; x_wconf 90' lang='lat' dir='ltr'>ut</span> <span class='ocrx_word' id='word_1_32' title='bbox 776 645 865 722; x_wconf 91' lang='lat' dir='ltr'>legati</span> <span class='ocrx_word' id='word_1_33' title='bbox 892 646 974 721; x_wconf 91' lang='lat' dir='ltr'>prius</span> <span class='ocrx_word' id='word_1_34' title='bbox 998 645 1182 704; x_wconf 86' lang='lat' dir='ltr'>mitterentur</span> 
     </span>
     <span class='ocr_line' id='line_1_6' title="bbox 205 724 1181 801; baseline 0 -18"><span class='ocrx_word' id='word_1_35' title='bbox 205 729 369 800; x_wconf 75' lang='lat' dir='ltr'>bquestum</span> <span class='ocrx_word' id='word_1_36' title='bbox 384 724 506 801; x_wconf 89' lang='lat' dir='ltr'>injurias</span> <span class='ocrx_word' id='word_1_37' title='bbox 520 724 762 800; x_wconf 89' lang='lat' dir='ltr'>postulatumque,</span> <span class='ocrx_word' id='word_1_38' title='bbox 779 735 819 793; x_wconf 94' lang='lat' dir='ltr'>ut,</span> <span class='ocrx_word' id='word_1_39' title='bbox 835 742 885 799; x_wconf 92' lang='lat' dir='ltr'>pro</span> <span class='ocrx_word' id='word_1_40' title='bbox 896 724 963 799; x_wconf 87' lang='lat' dir='ltr'>jure</span> <span class='ocrx_word' id='word_1_41' title='bbox 976 726 1107 801; x_wconf 92' lang='lat' dir='ltr'>gentium</span> <span class='ocrx_word' id='word_1_42' title='bbox 1122 727 1181 783; x_wconf 86' lang='lat' dir='ltr'>vio-</span> 
     </span>
     <span class='ocr_line' id='line_1_7' title="bbox 234 802 1183 881; baseline 0.001 -20"><span class='ocrx_word' id='word_1_43' title='bbox 234 803 302 875; x_wconf 90' lang='lat' dir='ltr'>lato,</span> <span class='ocrx_word' id='word_1_44' title='bbox 322 802 406 861; x_wconf 80' lang='lat' dir='ltr'><strong>Fabii</strong></span> <span class='ocrx_word' id='word_1_45' title='bbox 427 802 610 860; x_wconf 84' lang='lat' dir='ltr'>dederentur.</span> <span class='ocrx_word' id='word_1_46' title='bbox 652 802 759 881; x_wconf 85' lang='lat' dir='ltr'>Legati</span> <span class='ocrx_word' id='word_1_47' title='bbox 780 802 934 860; x_wconf 83' lang='lat' dir='ltr'>Gallorum</span> <span class='ocrx_word' id='word_1_48' title='bbox 958 822 1026 860; x_wconf 88' lang='lat' dir='ltr'>eum</span> <span class='ocrx_word' id='word_1_49' title='bbox 1048 823 1085 861; x_wconf 86' lang='lat' dir='ltr'>ea</span> <span class='ocrx_word' id='word_1_50' title='bbox 1104 805 1183 863; x_wconf 90' lang='lat' dir='ltr'>sicut</span> 
     </span>
     <span class='ocr_line' id='line_1_8' title="bbox 235 880 1181 959; baseline 0.001 -19"><span class='ocrx_word' id='word_1_51' title='bbox 235 892 317 940; x_wconf 89' lang='lat' dir='ltr'>erant</span> <span class='ocrx_word' id='word_1_52' title='bbox 331 881 467 940; x_wconf 90' lang='lat' dir='ltr'>mandata</span> <span class='ocrx_word' id='word_1_53' title='bbox 484 882 691 958; x_wconf 87' lang='lat' dir='ltr'>exposuissent,</span> <span class='ocrx_word' id='word_1_54' title='bbox 706 881 820 939; x_wconf 86' lang='lat' dir='ltr'>senatui</span> <span class='ocrx_word' id='word_1_55' title='bbox 841 900 897 939; x_wconf 90' lang='lat' dir='ltr'>nec</span> <span class='ocrx_word' id='word_1_56' title='bbox 919 880 1027 939; x_wconf 84' lang='lat' dir='ltr'>factum</span> <span class='ocrx_word' id='word_1_57' title='bbox 1048 882 1181 959; x_wconf 81' lang='lat' dir='ltr'>placebat</span> 
     </span>
     <span class='ocr_line' id='line_1_9' title="bbox 234 959 1182 1038; baseline 0 -19"><span class='ocrx_word' id='word_1_58' title='bbox 234 960 402 1032; x_wconf 87' lang='lat' dir='ltr'>Fabiorum,</span> <span class='ocrx_word' id='word_1_59' title='bbox 417 971 446 1019; x_wconf 91' lang='lat' dir='ltr'>et</span> <span class='ocrx_word' id='word_1_60' title='bbox 460 960 510 1037; x_wconf 92' lang='lat' dir='ltr'>jus</span> <span class='ocrx_word' id='word_1_61' title='bbox 524 962 669 1038; x_wconf 86' lang='lat' dir='ltr'>postulare</span> <span class='ocrx_word' id='word_1_62' title='bbox 684 961 801 1019; x_wconf 90' lang='lat' dir='ltr'>barbari</span> <span class='ocrx_word' id='word_1_63' title='bbox 815 959 1004 1018; x_wconf 90' lang='lat' dir='ltr'>videbantur:</span> <span class='ocrx_word' id='word_1_64' title='bbox 1025 961 1084 1032; x_wconf 88' lang='lat' dir='ltr'>sed,</span> <span class='ocrx_word' id='word_1_65' title='bbox 1099 980 1137 1019; x_wconf 88' lang='lat' dir='ltr'>ne</span> <span class='ocrx_word' id='word_1_66' title='bbox 1151 962 1182 1020; x_wconf 90' lang='lat' dir='ltr'>id</span> 
     </span>
     <span class='ocr_line' id='line_1_10' title="bbox 234 1039 1181 1117; baseline 0.001 -20"><span class='ocrx_word' id='word_1_67' title='bbox 234 1039 311 1117; x_wconf 91' lang='lat' dir='ltr'>quod</span> <span class='ocrx_word' id='word_1_68' title='bbox 324 1040 458 1117; x_wconf 85' lang='lat' dir='ltr'>placebat</span> <span class='ocrx_word' id='word_1_69' title='bbox 478 1040 648 1098; x_wconf 85' lang='lat' dir='ltr'>decerneret</span> <span class='ocrx_word' id='word_1_70' title='bbox 668 1041 698 1096; x_wconf 90' lang='lat' dir='ltr'>in</span> <span class='ocrx_word' id='word_1_71' title='bbox 719 1050 806 1098; x_wconf 83' lang='lat' dir='ltr'>tantae</span> <span class='ocrx_word' id='word_1_72' title='bbox 825 1040 983 1097; x_wconf 89' lang='lat' dir='ltr'>nobilitatis</span> <span class='ocrx_word' id='word_1_73' title='bbox 997 1040 1075 1112; x_wconf 89' lang='lat' dir='ltr'>viris,</span> <span class='ocrx_word' id='word_1_74' title='bbox 1091 1042 1181 1098; x_wconf 87' lang='lat' dir='ltr'>ambi·</span> 
     </span>
     <span class='ocr_line' id='line_1_11' title="bbox 187 1119 1182 1196; baseline 0.001 -19"><span class='ocrx_word' id='word_1_75' title='bbox 187 1120 273 1177; x_wconf 81' lang='lat' dir='ltr'>lotio</span> <span class='ocrx_word' id='word_1_76' title='bbox 297 1120 436 1177; x_wconf 89' lang='lat' dir='ltr'>obstabat.</span> <span class='ocrx_word' id='word_1_77' title='bbox 478 1119 589 1194; x_wconf 86' lang='lat' dir='ltr'>Itaque,</span> <span class='ocrx_word' id='word_1_78' title='bbox 611 1138 648 1177; x_wconf 90' lang='lat' dir='ltr'>ne</span> <span class='ocrx_word' id='word_1_79' title='bbox 671 1138 760 1196; x_wconf 85' lang='lat' dir='ltr'>penes</span> <span class='ocrx_word' id='word_1_80' title='bbox 785 1119 861 1195; x_wconf 90' lang='lat' dir='ltr'>ipsos</span> <span class='ocrx_word' id='word_1_81' title='bbox 883 1119 971 1196; x_wconf 91' lang='lat' dir='ltr'>culpa</span> <span class='ocrx_word' id='word_1_82' title='bbox 991 1129 1067 1177; x_wconf 88' lang='lat' dir='ltr'>esset</span> <span class='ocrx_word' id='word_1_83' title='bbox 1088 1119 1182 1178; x_wconf 89' lang='lat' dir='ltr'>cladis</span> 
     </span>
    </p>

    <p class='ocr_par' dir='ltr' id='par_1_3' title="bbox 195 1198 1189 1355">
     <span class='ocr_line' id='line_1_12' title="bbox 195 1198 1189 1275; baseline 0.001 -19"><span class='ocrx_word' id='word_1_84' title='bbox 195 1248 198 1257; x_wconf 87' lang='lat'>.</span> <span class='ocrx_word' id='word_1_85' title='bbox 235 1198 307 1256; x_wconf 89' lang='lat' dir='ltr'>sorte</span> <span class='ocrx_word' id='word_1_86' title='bbox 336 1198 451 1256; x_wconf 89' lang='lat' dir='ltr'>Gallico</span> <span class='ocrx_word' id='word_1_87' title='bbox 479 1198 553 1256; x_wconf 88' lang='lat' dir='ltr'>bello</span> <span class='ocrx_word' id='word_1_88' title='bbox 582 1208 719 1274; x_wconf 76' lang='lat' dir='ltr'>acceptae,</span> <span class='ocrx_word' id='word_1_89' title='bbox 745 1198 938 1275; x_wconf 90' lang='lat' dir='ltr'>cognitionem</span> <span class='ocrx_word' id='word_1_90' title='bbox 968 1198 1004 1255; x_wconf 90' lang='lat' dir='ltr'>de</span> <span class='ocrx_word' id='word_1_91' title='bbox 1032 1198 1189 1274; x_wconf 82' lang='lat' dir='ltr'>postulatis</span> 
     </span>
     <span class='ocr_line' id='line_1_13' title="bbox 235 1275 1180 1355; baseline 0 -20"><span class='ocrx_word' id='word_1_92' title='bbox 235 1277 387 1335; x_wconf 88' lang='lat' dir='ltr'>Gallorum</span> <span class='ocrx_word' id='word_1_93' title='bbox 404 1277 439 1335; x_wconf 92' lang='lat' dir='ltr'>ad</span> <span class='ocrx_word' id='word_1_94' title='bbox 461 1278 598 1353; x_wconf 92' lang='lat' dir='ltr'>populum</span> <span class='ocrx_word' id='word_1_95' title='bbox 615 1278 767 1353; x_wconf 87' lang='lat' dir='ltr'>rejiciunt:</span> <span class='ocrx_word' id='word_1_96' title='bbox 790 1278 840 1334; x_wconf 91' lang='lat' dir='ltr'>ubi</span> <span class='ocrx_word' id='word_1_97' title='bbox 853 1286 931 1334; x_wconf 93' lang='lat' dir='ltr'>tanto</span> <span class='ocrx_word' id='word_1_98' title='bbox 945 1275 1011 1353; x_wconf 88' lang='lat' dir='ltr'>plus</span> <span class='ocrx_word' id='word_1_99' title='bbox 1025 1277 1119 1355; x_wconf 88' lang='lat' dir='ltr'>gratia</span> <span class='ocrx_word' id='word_1_100' title='bbox 1140 1287 1180 1335; x_wconf 89' lang='lat' dir='ltr'>at-</span> 
     </span>
    </p>

    <p class='ocr_par' dir='ltr' id='par_1_4' title="bbox 187 1356 1182 1829">
     <span class='ocr_line' id='line_1_14' title="bbox 352 1356 1180 1433; baseline -0.001 -20"><span class='ocrx_word' id='word_1_101' title='bbox 352 1376 409 1433; x_wconf 92' lang='lat' dir='ltr'>que</span> <span class='ocrx_word' id='word_1_102' title='bbox 431 1377 499 1433; x_wconf 89' lang='lat' dir='ltr'>opes</span> <span class='ocrx_word' id='word_1_103' title='bbox 519 1356 647 1426; x_wconf 88' lang='lat' dir='ltr'>valuere,</span> <span class='ocrx_word' id='word_1_104' title='bbox 663 1367 703 1426; x_wconf 87' lang='lat' dir='ltr'>ut,</span> <span class='ocrx_word' id='word_1_105' title='bbox 718 1375 842 1432; x_wconf 90' lang='lat' dir='ltr'>quorum</span> <span class='ocrx_word' id='word_1_106' title='bbox 865 1356 900 1413; x_wconf 91' lang='lat' dir='ltr'>de</span> <span class='ocrx_word' id='word_1_107' title='bbox 921 1375 1008 1433; x_wconf 87' lang='lat' dir='ltr'>poena</span> <span class='ocrx_word' id='word_1_108' title='bbox 1028 1356 1180 1433; x_wconf 85' lang='lat' dir='ltr'>agebatur,</span> 
     </span>
     <span class='ocr_line' id='line_1_15' title="bbox 253 1435 1182 1511; baseline 0 -18"><span class='ocrx_word' id='word_1_109' title='bbox 253 1454 283 1493; x_wconf 86' lang='lat' dir='ltr'>n.</span> <span class='ocrx_word' id='word_1_110' title='bbox 299 1456 325 1493; x_wconf 87' lang='lat' dir='ltr'>c.</span> <span class='ocrx_word' id='word_1_111' title='bbox 354 1437 461 1493; x_wconf 89' lang='lat' dir='ltr'>tribuni</span> <span class='ocrx_word' id='word_1_112' title='bbox 483 1435 607 1493; x_wconf 89' lang='lat' dir='ltr'>militum</span> <span class='ocrx_word' id='word_1_113' title='bbox 625 1435 772 1493; x_wconf 92' lang='lat' dir='ltr'>consulari</span> <span class='ocrx_word' id='word_1_114' title='bbox 786 1444 922 1511; x_wconf 86' lang='lat' dir='ltr'>potestate</span> <span class='ocrx_word' id='word_1_115' title='bbox 937 1435 967 1491; x_wconf 91' lang='lat' dir='ltr'>in</span> <span class='ocrx_word' id='word_1_116' title='bbox 981 1436 1182 1511; x_wconf 87' lang='lat' dir='ltr'>insequentem</span> 
     </span>
     <span class='ocr_line' id='line_1_16' title="bbox 187 1512 1180 1591; baseline -0.001 -19"><span class='ocrx_word' id='word_1_117' title='bbox 187 1518 223 1572; x_wconf 96' lang='grc'>15</span> <span class='ocrx_word' id='word_1_118' title='bbox 254 1519 322 1574; x_wconf 82' lang='grc'><strong>365.</strong></span> <span class='ocrx_word' id='word_1_119' title='bbox 354 1534 463 1572; x_wconf 90' lang='lat' dir='ltr'>annum</span> <span class='ocrx_word' id='word_1_120' title='bbox 484 1526 662 1572; x_wconf 89' lang='lat' dir='ltr'>crearentur.</span> <span class='ocrx_word' id='word_1_121' title='bbox 706 1514 773 1579; x_wconf 86' lang='lat' dir='ltr'>Quo</span> <span class='ocrx_word' id='word_1_122' title='bbox 795 1512 971 1583; x_wconf 88' lang='lat' dir='ltr'>facto,haud</span> <span class='ocrx_word' id='word_1_123' title='bbox 992 1533 1180 1591; x_wconf 89' lang='lat' dir='ltr'>secusquam</span> 
     </span>
     <span class='ocr_line' id='line_1_17' title="bbox 255 1593 1179 1671; baseline -0.002 -18"><span class='ocrx_word' id='word_1_124' title='bbox 255 1613 323 1653; x_wconf 63' lang='lat' dir='ltr'>mc.</span> <span class='ocrx_word' id='word_1_125' title='bbox 353 1594 473 1671; x_wconf 89' lang='lat' dir='ltr'>dignum</span> <span class='ocrx_word' id='word_1_126' title='bbox 497 1606 568 1664; x_wconf 88' lang='lat' dir='ltr'>erat,</span> <span class='ocrx_word' id='word_1_127' title='bbox 588 1593 693 1651; x_wconf 88' lang='lat' dir='ltr'>infensi</span> <span class='ocrx_word' id='word_1_128' title='bbox 719 1594 807 1662; x_wconf 91' lang='lat' dir='ltr'>Galli,</span> <span class='ocrx_word' id='word_1_129' title='bbox 828 1593 936 1649; x_wconf 87' lang='lat' dir='ltr'>bellum</span> <span class='ocrx_word' id='word_1_130' title='bbox 958 1594 1106 1670; x_wconf 90' lang='lat' dir='ltr'>propalam</span> <span class='ocrx_word' id='word_1_131' title='bbox 1129 1594 1179 1651; x_wconf 89' lang='lat' dir='ltr'>mi·</span> 
     </span>
     <span class='ocr_line' id='line_1_18' title="bbox 255 1671 1179 1741; baseline -0.003 -10"><span class='ocrx_word' id='word_1_132' title='bbox 255 1677 323 1731; x_wconf 85' lang='grc'><strong>387.</strong></span> <span class='ocrx_word' id='word_1_133' title='bbox 354 1685 465 1741; x_wconf 89' lang='lat' dir='ltr'>nantes,</span> <span class='ocrx_word' id='word_1_134' title='bbox 488 1673 523 1729; x_wconf 90' lang='lat' dir='ltr'>ad</span> <span class='ocrx_word' id='word_1_135' title='bbox 548 1692 615 1730; x_wconf 90' lang='lat' dir='ltr'>suos</span> <span class='ocrx_word' id='word_1_136' title='bbox 639 1672 770 1729; x_wconf 88' lang='lat' dir='ltr'>redeunt.</span> <span class='ocrx_word' id='word_1_137' title='bbox 813 1671 939 1729; x_wconf 89' lang='lat' dir='ltr'>Tribuni</span> <span class='ocrx_word' id='word_1_138' title='bbox 963 1673 1088 1729; x_wconf 89' lang='lat' dir='ltr'>militum</span> <span class='ocrx_word' id='word_1_139' title='bbox 1112 1692 1179 1730; x_wconf 91' lang='lat' dir='ltr'>cum</span> 
     </span>
     <span class='ocr_line' id='line_1_19' title="bbox 352 1749 1179 1829; baseline -0.001 -20"><span class='ocrx_word' id='word_1_140' title='bbox 352 1752 443 1809; x_wconf 89' lang='lat' dir='ltr'>tribus</span> <span class='ocrx_word' id='word_1_141' title='bbox 459 1751 557 1809; x_wconf 89' lang='lat' dir='ltr'>Fabiis</span> <span class='ocrx_word' id='word_1_142' title='bbox 571 1752 662 1823; x_wconf 82' lang='lat' dir='ltr'>creati</span> <span class='ocrx_word' id='word_1_143' title='bbox 676 1750 716 1816; x_wconf 87' lang='lat' dir='ltr'>Q.</span> <span class='ocrx_word' id='word_1_144' title='bbox 732 1751 880 1829; x_wconf 87' lang='lat' dir='ltr'>Sulpicius</span> <span class='ocrx_word' id='word_1_145' title='bbox 894 1749 1024 1829; x_wconf 90' lang='lat' dir='ltr'>Longus,</span> <span class='ocrx_word' id='word_1_146' title='bbox 1035 1751 1074 1817; x_wconf 80' lang='lat' dir='ltr'>Q.</span> <span class='ocrx_word' id='word_1_147' title='bbox 1084 1751 1179 1809; x_wconf 86' lang='lat' dir='ltr'>Servi-</span> 
     </span>
    </p>

    <p class='ocr_par' dir='ltr' id='par_1_5' title="bbox 234 1829 871 1907">
     <span class='ocr_line' id='line_1_20' title="bbox 234 1829 871 1907; baseline -0.003 -20"><span class='ocrx_word' id='word_1_148' title='bbox 234 1829 292 1887; x_wconf 91' lang='lat' dir='ltr'>lius</span> <span class='ocrx_word' id='word_1_149' title='bbox 306 1841 417 1904; x_wconf 89' lang='lat' dir='ltr'>quarto,</span> <span class='ocrx_word' id='word_1_150' title='bbox 434 1830 465 1887; x_wconf 91' lang='lat' dir='ltr'>P.</span> <span class='ocrx_word' id='word_1_151' title='bbox 481 1830 633 1887; x_wconf 89' lang='lat' dir='ltr'>Cornelius</span> <span class='ocrx_word' id='word_1_152' title='bbox 648 1830 871 1907; x_wconf 82' lang='lat' dir='ltr'>Maluginensis.</span> 
     </span>
    </p>

    <p class='ocr_par' dir='ltr' id='par_1_6' title="bbox 184 1908 1180 2302">
     <span class='ocr_line' id='line_1_21' title="bbox 184 1908 1180 1968; baseline 0 -1"><span class='ocrx_word' id='word_1_153' title='bbox 184 1911 224 1967; x_wconf 78' lang='lat'>20</span> <span class='ocrx_word' id='word_1_154' title='bbox 276 1909 429 1968; x_wconf 87' lang='lat' dir='ltr'>XXXVII.</span> <span class='ocrx_word' id='word_1_155' title='bbox 452 1909 527 1967; x_wconf 89' lang='lat' dir='ltr'>Cum</span> <span class='ocrx_word' id='word_1_156' title='bbox 548 1920 627 1967; x_wconf 91' lang='lat' dir='ltr'>tanta</span> <span class='ocrx_word' id='word_1_157' title='bbox 643 1910 733 1967; x_wconf 89' lang='lat' dir='ltr'>moles</span> <span class='ocrx_word' id='word_1_158' title='bbox 754 1910 824 1966; x_wconf 92' lang='lat' dir='ltr'>mali</span> <span class='ocrx_word' id='word_1_159' title='bbox 847 1908 1076 1967; x_wconf 89' lang='lat' dir='ltr'>instaret-adeo</span> <span class='ocrx_word' id='word_1_160' title='bbox 1089 1909 1180 1967; x_wconf 79' lang='lat' dir='ltr'>obcae·</span> 
     </span>
     <span class='ocr_line' id='line_1_22' title="bbox 234 1988 1180 2066; baseline 0 -20"><span class='ocrx_word' id='word_1_161' title='bbox 234 1998 282 2046; x_wconf 88' lang='lat' dir='ltr'>cat</span> <span class='ocrx_word' id='word_1_162' title='bbox 297 1990 407 2046; x_wconf 90' lang='lat' dir='ltr'>animos</span> <span class='ocrx_word' id='word_1_163' title='bbox 422 1989 544 2058; x_wconf 84' lang='lat' dir='ltr'>fortuna,</span> <span class='ocrx_word' id='word_1_164' title='bbox 558 1990 607 2045; x_wconf 90' lang='lat' dir='ltr'>ubi</span> <span class='ocrx_word' id='word_1_165' title='bbox 622 1990 682 2045; x_wconf 88' lang='lat' dir='ltr'>vim</span> <span class='ocrx_word' id='word_1_166' title='bbox 695 2008 778 2045; x_wconf 90' lang='lat' dir='ltr'>suam</span> <span class='ocrx_word' id='word_1_167' title='bbox 793 1989 976 2065; x_wconf 89' lang='lat' dir='ltr'>ingruentem</span> <span class='ocrx_word' id='word_1_168' title='bbox 992 1988 1112 2066; x_wconf 84' lang='lat' dir='ltr'>refringi</span> <span class='ocrx_word' id='word_1_169' title='bbox 1123 2008 1180 2047; x_wconf 91' lang='lat' dir='ltr'>non</span> 
     </span>
     <span class='ocr_line' id='line_1_23' title="bbox 234 2067 1180 2144; baseline 0 -19"><span class='ocrx_word' id='word_1_170' title='bbox 234 2069 460 2139; x_wconf 89' lang='lat' dir='ltr'>vult,-civitas,</span> <span class='ocrx_word' id='word_1_171' title='bbox 474 2087 540 2144; x_wconf 89' lang='lat' dir='ltr'>quae</span> <span class='ocrx_word' id='word_1_172' title='bbox 562 2068 701 2125; x_wconf 87' lang='lat' dir='ltr'>adversus</span> <span class='ocrx_word' id='word_1_173' title='bbox 722 2068 892 2125; x_wconf 88' lang='lat' dir='ltr'>Fidenatem</span> <span class='ocrx_word' id='word_1_174' title='bbox 914 2087 948 2124; x_wconf 88' lang='lat' dir='ltr'>ac</span> <span class='ocrx_word' id='word_1_175' title='bbox 963 2067 1117 2126; x_wconf 89' lang='lat' dir='ltr'>Veientem</span> <span class='ocrx_word' id='word_1_176' title='bbox 1131 2068 1180 2125; x_wconf 87' lang='lat' dir='ltr'>ho-</span> 
     </span>
     <span class='ocr_line' id='line_1_24' title="bbox 234 2144 1180 2223; baseline 0 -20"><span class='ocrx_word' id='word_1_177' title='bbox 234 2159 307 2204; x_wconf 87' lang='lat' dir='ltr'>stem</span> <span class='ocrx_word' id='word_1_178' title='bbox 329 2149 457 2223; x_wconf 87' lang='lat' dir='ltr'>aliosque</span> <span class='ocrx_word' id='word_1_179' title='bbox 478 2149 612 2204; x_wconf 91' lang='lat' dir='ltr'>finitimos</span> <span class='ocrx_word' id='word_1_180' title='bbox 626 2146 754 2223; x_wconf 91' lang='lat' dir='ltr'>populos,</span> <span class='ocrx_word' id='word_1_181' title='bbox 770 2147 873 2204; x_wconf 90' lang='lat' dir='ltr'>ultima</span> <span class='ocrx_word' id='word_1_182' title='bbox 889 2144 1041 2222; x_wconf 83' lang='lat' dir='ltr'>experiens</span> <span class='ocrx_word' id='word_1_183' title='bbox 1060 2147 1180 2217; x_wconf 85' lang='lat' dir='ltr'>auxilia,</span> 
     </span>
     <span class='ocr_line' id='line_1_25' title="bbox 234 2226 1178 2302; baseline 0 -21"><span class='ocrx_word' id='word_1_184' title='bbox 234 2226 402 2283; x_wconf 89' lang='lat' dir='ltr'>dictatorem</span> <span class='ocrx_word' id='word_1_185' title='bbox 424 2228 522 2283; x_wconf 92' lang='lat' dir='ltr'>multis</span> <span class='ocrx_word' id='word_1_186' title='bbox 542 2228 759 2302; x_wconf 85' lang='lat' dir='ltr'>tempestatibus</span> <span class='ocrx_word' id='word_1_187' title='bbox 779 2226 905 2296; x_wconf 87' lang='lat' dir='ltr'>dixisset,</span> <span class='ocrx_word' id='word_1_188' title='bbox 927 2246 963 2283; x_wconf 90' lang='lat' dir='ltr'>ea</span> <span class='ocrx_word' id='word_1_189' title='bbox 983 2236 1062 2295; x_wconf 89' lang='lat' dir='ltr'>tunc,</span> <span class='ocrx_word' id='word_1_190' title='bbox 1082 2227 1178 2283; x_wconf 83' lang='lat' dir='ltr'>invisi·</span> 
     </span>
    </p>

    <p class='ocr_par' dir='ltr' id='par_1_7' title="bbox 184 2304 1181 2700">
     <span class='ocr_line' id='line_1_26' title="bbox 184 2304 1181 2381; baseline -0.001 -18"><span class='ocrx_word' id='word_1_191' title='bbox 184 2309 223 2363; x_wconf 80' lang='lat'>25</span> <span class='ocrx_word' id='word_1_192' title='bbox 234 2315 292 2362; x_wconf 89' lang='lat' dir='ltr'>tato</span> <span class='ocrx_word' id='word_1_193' title='bbox 307 2316 392 2380; x_wconf 89' lang='lat' dir='ltr'>atque</span> <span class='ocrx_word' id='word_1_194' title='bbox 414 2306 542 2363; x_wconf 90' lang='lat' dir='ltr'>inaudito</span> <span class='ocrx_word' id='word_1_195' title='bbox 564 2306 642 2361; x_wconf 90' lang='lat' dir='ltr'>hoste</span> <span class='ocrx_word' id='word_1_196' title='bbox 665 2306 701 2361; x_wconf 90' lang='lat' dir='ltr'>ab</span> <span class='ocrx_word' id='word_1_197' title='bbox 716 2305 835 2362; x_wconf 90' lang='lat' dir='ltr'>Oceano</span> <span class='ocrx_word' id='word_1_198' title='bbox 856 2315 1057 2381; x_wconf 90' lang='lat' dir='ltr'>terrarumque</span> <span class='ocrx_word' id='word_1_199' title='bbox 1072 2304 1181 2362; x_wconf 91' lang='lat' dir='ltr'>ultimis</span> 
     </span>
     <span class='ocr_line' id='line_1_27' title="bbox 233 2383 1181 2459; baseline -0.002 -18"><span class='ocrx_word' id='word_1_200' title='bbox 233 2385 291 2442; x_wconf 92' lang='lat' dir='ltr'>oris</span> <span class='ocrx_word' id='word_1_201' title='bbox 305 2383 414 2441; x_wconf 89' lang='lat' dir='ltr'>bellum</span> <span class='ocrx_word' id='word_1_202' title='bbox 429 2386 539 2453; x_wconf 86' lang='lat' dir='ltr'>ciente,</span> <span class='ocrx_word' id='word_1_203' title='bbox 548 2384 619 2441; x_wconf 90' lang='lat' dir='ltr'>nihil</span> <span class='ocrx_word' id='word_1_204' title='bbox 635 2383 854 2441; x_wconf 86' lang='lat' dir='ltr'>extraordinarii</span> <span class='ocrx_word' id='word_1_205' title='bbox 877 2385 991 2459; x_wconf 90' lang='lat' dir='ltr'>imperii</span> <span class='ocrx_word' id='word_1_206' title='bbox 1014 2393 1064 2441; x_wconf 91' lang='lat' dir='ltr'>aut</span> <span class='ocrx_word' id='word_1_207' title='bbox 1079 2385 1181 2440; x_wconf 88' lang='lat' dir='ltr'>auxilii</span> 
     </span>
     <span class='ocr_line' id='line_1_28' title="bbox 234 2463 1180 2541; baseline -0.001 -21"><span class='ocrx_word' id='word_1_208' title='bbox 234 2464 376 2541; x_wconf 89' lang='lat' dir='ltr'>quaesivit.</span> <span class='ocrx_word' id='word_1_209' title='bbox 420 2463 554 2533; x_wconf 89' lang='lat' dir='ltr'>Tribuni,</span> <span class='ocrx_word' id='word_1_210' title='bbox 566 2482 690 2540; x_wconf 92' lang='lat' dir='ltr'>quorum</span> <span class='ocrx_word' id='word_1_211' title='bbox 701 2464 861 2520; x_wconf 90' lang='lat' dir='ltr'>temeritate</span> <span class='ocrx_word' id='word_1_212' title='bbox 877 2464 985 2519; x_wconf 89' lang='lat' dir='ltr'>bellum</span> <span class='ocrx_word' id='word_1_213' title='bbox 999 2472 1180 2520; x_wconf 85' lang='lat' dir='ltr'>contractum</span> 
     </span>
     <span class='ocr_line' id='line_1_29' title="bbox 234 2542 1179 2619; baseline -0.004 -18"><span class='ocrx_word' id='word_1_214' title='bbox 234 2553 305 2613; x_wconf 88' lang='lat' dir='ltr'>crat,</span> <span class='ocrx_word' id='word_1_215' title='bbox 321 2563 443 2601; x_wconf 81' lang='lat' dir='ltr'>summae</span> <span class='ocrx_word' id='word_1_216' title='bbox 458 2562 555 2601; x_wconf 88' lang='lat' dir='ltr'>rerum</span> <span class='ocrx_word' id='word_1_217' title='bbox 577 2553 729 2619; x_wconf 90' lang='lat' dir='ltr'>praeerant,</span> <span class='ocrx_word' id='word_1_218' title='bbox 744 2542 940 2617; x_wconf 86' lang='lat' dir='ltr'>dilectumque</span> <span class='ocrx_word' id='word_1_219' title='bbox 954 2542 1044 2599; x_wconf 91' lang='lat' dir='ltr'>nihilo</span> <span class='ocrx_word' id='word_1_220' title='bbox 1058 2560 1179 2599; x_wconf 86' lang='lat' dir='ltr'>accura-</span> 
     </span>
     <span class='ocr_line' id='line_1_30' title="bbox 234 2621 1180 2700; baseline -0.003 -20"><span class='ocrx_word' id='word_1_221' title='bbox 234 2624 344 2694; x_wconf 90' lang='lat' dir='ltr'>tiorem,</span> <span class='ocrx_word' id='word_1_222' title='bbox 360 2643 447 2700; x_wconf 91' lang='lat' dir='ltr'>quam</span> <span class='ocrx_word' id='word_1_223' title='bbox 469 2622 506 2680; x_wconf 93' lang='lat' dir='ltr'>ad</span> <span class='ocrx_word' id='word_1_224' title='bbox 528 2623 623 2680; x_wconf 89' lang='lat' dir='ltr'>media</span> <span class='ocrx_word' id='word_1_225' title='bbox 638 2621 715 2679; x_wconf 87' lang='lat' dir='ltr'>bella</span> <span class='ocrx_word' id='word_1_226' title='bbox 734 2622 835 2679; x_wconf 93' lang='lat' dir='ltr'>haberi</span> <span class='ocrx_word' id='word_1_227' title='bbox 854 2622 955 2679; x_wconf 92' lang='lat' dir='ltr'>solitus</span> <span class='ocrx_word' id='word_1_228' title='bbox 974 2631 1045 2690; x_wconf 88' lang='lat' dir='ltr'>erat,</span> <span class='ocrx_word' id='word_1_229' title='bbox 1061 2632 1180 2678; x_wconf 89' lang='lat' dir='ltr'>extenu-</span> 
     </span>
    </p>

    <p class='ocr_par' dir='ltr' id='par_1_8' title="bbox 186 2698 1181 3095">
     <span class='ocr_line' id='line_1_31' title="bbox 186 2698 1180 2776; baseline -0.004 -15"><span class='ocrx_word' id='word_1_230' title='bbox 186 2707 316 2763; x_wconf 80' lang='lat' dir='ltr'>80antes</span> <span class='ocrx_word' id='word_1_231' title='bbox 337 2705 424 2760; x_wconf 89' lang='lat' dir='ltr'>etiam</span> <span class='ocrx_word' id='word_1_232' title='bbox 446 2702 553 2759; x_wconf 88' lang='lat' dir='ltr'>famam</span> <span class='ocrx_word' id='word_1_233' title='bbox 575 2702 643 2759; x_wconf 91' lang='lat' dir='ltr'>belli</span> <span class='ocrx_word' id='word_1_234' title='bbox 662 2703 816 2759; x_wconf 90' lang='lat' dir='ltr'>habebant.</span> <span class='ocrx_word' id='word_1_235' title='bbox 859 2700 977 2758; x_wconf 90' lang='lat' dir='ltr'>Interim</span> <span class='ocrx_word' id='word_1_236' title='bbox 999 2698 1087 2770; x_wconf 89' lang='lat' dir='ltr'>Galli,</span> <span class='ocrx_word' id='word_1_237' title='bbox 1107 2710 1180 2776; x_wconf 90' lang='lat' dir='ltr'>post-</span> 
     </span>
     <span class='ocr_line' id='line_1_32' title="bbox 234 2778 1181 2859; baseline -0.002 -20"><span class='ocrx_word' id='word_1_238' title='bbox 234 2802 323 2859; x_wconf 90' lang='lat' dir='ltr'>quam</span> <span class='ocrx_word' id='word_1_239' title='bbox 344 2778 484 2857; x_wconf 67' lang='lat' dir='ltr'>accepere</span> <span class='ocrx_word' id='word_1_240' title='bbox 507 2783 582 2838; x_wconf 92' lang='lat' dir='ltr'>ultro</span> <span class='ocrx_word' id='word_1_241' title='bbox 602 2781 740 2838; x_wconf 88' lang='lat' dir='ltr'>honorem</span> <span class='ocrx_word' id='word_1_242' title='bbox 754 2780 886 2837; x_wconf 93' lang='lat' dir='ltr'>habitum</span> <span class='ocrx_word' id='word_1_243' title='bbox 900 2778 1086 2837; x_wconf 90' lang='lat' dir='ltr'>violatoribus</span> <span class='ocrx_word' id='word_1_244' title='bbox 1104 2780 1181 2856; x_wconf 91' lang='lat' dir='ltr'>juris</span> 
     </span>
     <span class='ocr_line' id='line_1_33' title="bbox 234 2859 1181 2936; baseline -0.003 -18"><span class='ocrx_word' id='word_1_245' title='bbox 234 2861 354 2918; x_wconf 88' lang='lat' dir='ltr'>humani</span> <span class='ocrx_word' id='word_1_246' title='bbox 369 2861 539 2936; x_wconf 78' lang='lat' dir='ltr'>elusamque</span> <span class='ocrx_word' id='word_1_247' title='bbox 553 2859 725 2936; x_wconf 89' lang='lat' dir='ltr'>legationem</span> <span class='ocrx_word' id='word_1_248' title='bbox 740 2878 824 2916; x_wconf 89' lang='lat' dir='ltr'>suam</span> <span class='ocrx_word' id='word_1_249' title='bbox 838 2878 911 2927; x_wconf 87' lang='lat' dir='ltr'>esse,</span> <span class='ocrx_word' id='word_1_250' title='bbox 926 2859 1083 2935; x_wconf 88' lang='lat' dir='ltr'>flagrantes</span> <span class='ocrx_word' id='word_1_251' title='bbox 1096 2860 1181 2916; x_wconf 90' lang='lat' dir='ltr'>ira-</span> 
     </span>
     <span class='ocr_line' id='line_1_34' title="bbox 235 2936 1180 3015; baseline -0.002 -18"><span class='ocrx_word' id='word_1_252' title='bbox 235 2939 282 3015; x_wconf 89' lang='lat' dir='ltr'>cuj</span> <span class='ocrx_word' id='word_1_253' title='bbox 287 2958 321 2996; x_wconf 92' lang='lat' dir='ltr'>us</span> <span class='ocrx_word' id='word_1_254' title='bbox 334 2940 475 3015; x_wconf 90' lang='lat' dir='ltr'>impotens</span> <span class='ocrx_word' id='word_1_255' title='bbox 489 2950 532 2996; x_wconf 90' lang='lat' dir='ltr'>est</span> <span class='ocrx_word' id='word_1_256' title='bbox 545 2937 809 3015; x_wconf 84' lang='lat' dir='ltr'>gens—confestim</span> <span class='ocrx_word' id='word_1_257' title='bbox 820 2937 911 3014; x_wconf 91' lang='lat' dir='ltr'>signis</span> <span class='ocrx_word' id='word_1_258' title='bbox 925 2936 1081 3008; x_wconf 89' lang='lat' dir='ltr'>convulsis,</span> <span class='ocrx_word' id='word_1_259' title='bbox 1093 2937 1180 2995; x_wconf 88' lang='lat' dir='ltr'>citato</span> 
     </span>
     <span class='ocr_line' id='line_1_35' title="bbox 236 3017 1180 3095; baseline -0.002 -20"><span class='ocrx_word' id='word_1_260' title='bbox 236 3019 352 3095; x_wconf 91' lang='lat' dir='ltr'>agmine</span> <span class='ocrx_word' id='word_1_261' title='bbox 377 3019 432 3075; x_wconf 86' lang='lat' dir='ltr'>iter</span> <span class='ocrx_word' id='word_1_262' title='bbox 452 3017 664 3095; x_wconf 72' lang='lat' dir='ltr'>ingrediuntur.</span> <span class='ocrx_word' id='word_1_263' title='bbox 716 3018 765 3075; x_wconf 86' lang='lat' dir='ltr'>Ad</span> <span class='ocrx_word' id='word_1_264' title='bbox 792 3036 916 3094; x_wconf 92' lang='lat' dir='ltr'>quorum</span> <span class='ocrx_word' id='word_1_265' title='bbox 944 3018 1180 3093; x_wconf 88' lang='lat' dir='ltr'>praetereuntium</span> 
     </span>
    </p>

    <p class='ocr_par' dir='ltr' id='par_1_9' title="bbox 187 3095 1180 3491">
     <span class='ocr_line' id='line_1_36' title="bbox 187 3095 1180 3173; baseline -0.004 -16"><span class='ocrx_word' id='word_1_266' title='bbox 187 3102 225 3158; x_wconf 83' lang='lat'>35</span> <span class='ocrx_word' id='word_1_267' title='bbox 236 3098 340 3173; x_wconf 90' lang='lat' dir='ltr'>raptim</span> <span class='ocrx_word' id='word_1_268' title='bbox 354 3096 511 3154; x_wconf 91' lang='lat' dir='ltr'>tumultum</span> <span class='ocrx_word' id='word_1_269' title='bbox 526 3116 593 3154; x_wconf 93' lang='lat' dir='ltr'>oum</span> <span class='ocrx_word' id='word_1_270' title='bbox 608 3098 754 3155; x_wconf 85' lang='lat' dir='ltr'>exterritae</span> <span class='ocrx_word' id='word_1_271' title='bbox 768 3097 855 3154; x_wconf 91' lang='lat' dir='ltr'>urbes</span> <span class='ocrx_word' id='word_1_272' title='bbox 870 3095 906 3153; x_wconf 93' lang='lat' dir='ltr'>ad</span> <span class='ocrx_word' id='word_1_273' title='bbox 925 3114 1008 3152; x_wconf 89' lang='lat' dir='ltr'>arma</span> <span class='ocrx_word' id='word_1_274' title='bbox 1026 3114 1180 3154; x_wconf 88' lang='lat' dir='ltr'>concurre-</span> 
     </span>
     <span class='ocr_line' id='line_1_37' title="bbox 236 3175 1180 3255; baseline -0.004 -20"><span class='ocrx_word' id='word_1_275' title='bbox 236 3187 308 3248; x_wconf 88' lang='lat' dir='ltr'>rent,</span> <span class='ocrx_word' id='word_1_276' title='bbox 324 3175 453 3255; x_wconf 87' lang='lat' dir='ltr'>sugaque</span> <span class='ocrx_word' id='word_1_277' title='bbox 475 3176 632 3254; x_wconf 89' lang='lat' dir='ltr'>agrestium</span> <span class='ocrx_word' id='word_1_278' title='bbox 646 3176 738 3246; x_wconf 88' lang='lat' dir='ltr'>fieret,</span> <span class='ocrx_word' id='word_1_279' title='bbox 754 3176 878 3233; x_wconf 80' lang='lat' dir='ltr'>Romam</span> <span class='ocrx_word' id='word_1_280' title='bbox 891 3195 923 3233; x_wconf 92' lang='lat' dir='ltr'>se</span> <span class='ocrx_word' id='word_1_281' title='bbox 937 3176 980 3233; x_wconf 90' lang='lat' dir='ltr'>ire</span> <span class='ocrx_word' id='word_1_282' title='bbox 1000 3194 1106 3252; x_wconf 90' lang='lat' dir='ltr'>magno</span> <span class='ocrx_word' id='word_1_283' title='bbox 1120 3175 1180 3232; x_wconf 89' lang='lat' dir='ltr'>cla·</span> 
     </span>
     <span class='ocr_line' id='line_1_38' title="bbox 236 3253 1180 3334; baseline -0.002 -20"><span class='ocrx_word' id='word_1_284' title='bbox 236 3276 315 3315; x_wconf 90' lang='lat' dir='ltr'>more</span> <span class='ocrx_word' id='word_1_285' title='bbox 329 3256 541 3333; x_wconf 88' lang='lat' dir='ltr'>significabant,</span> <span class='ocrx_word' id='word_1_286' title='bbox 552 3273 738 3334; x_wconf 88' lang='lat' dir='ltr'>quacumque</span> <span class='ocrx_word' id='word_1_287' title='bbox 753 3255 840 3325; x_wconf 92' lang='lat' dir='ltr'>ibant,</span> <span class='ocrx_word' id='word_1_288' title='bbox 856 3256 939 3331; x_wconf 89' lang='lat' dir='ltr'>equis</span> <span class='ocrx_word' id='word_1_289' title='bbox 953 3255 1081 3330; x_wconf 89' lang='lat' dir='ltr'>virisque</span> <span class='ocrx_word' id='word_1_290' title='bbox 1095 3253 1180 3331; x_wconf 89' lang='lat' dir='ltr'>longe</span> 
     </span>
     <span class='ocr_line' id='line_1_39' title="bbox 237 3332 1180 3413; baseline -0.006 -18"><span class='ocrx_word' id='word_1_291' title='bbox 237 3358 271 3395; x_wconf 89' lang='lat' dir='ltr'>ac</span> <span class='ocrx_word' id='word_1_292' title='bbox 286 3336 343 3395; x_wconf 88' lang='lat' dir='ltr'>late</span> <span class='ocrx_word' id='word_1_293' title='bbox 358 3334 421 3394; x_wconf 87' lang='lat' dir='ltr'>fuso</span> <span class='ocrx_word' id='word_1_294' title='bbox 436 3338 551 3413; x_wconf 91' lang='lat' dir='ltr'>agmine</span> <span class='ocrx_word' id='word_1_295' title='bbox 573 3336 746 3393; x_wconf 89' lang='lat' dir='ltr'>immensum</span> <span class='ocrx_word' id='word_1_296' title='bbox 760 3335 919 3392; x_wconf 88' lang='lat' dir='ltr'>obtinentes</span> <span class='ocrx_word' id='word_1_297' title='bbox 939 3334 1006 3391; x_wconf 88' lang='lat' dir='ltr'>loci.</span> <span class='ocrx_word' id='word_1_298' title='bbox 1048 3332 1115 3403; x_wconf 89' lang='lat' dir='ltr'>Sed,</span> <span class='ocrx_word' id='word_1_299' title='bbox 1131 3353 1180 3390; x_wconf 87' lang='lat' dir='ltr'>an-</span> 
     </span>
     <span class='ocr_line' id='line_1_40' title="bbox 236 3411 1180 3491; baseline -0.004 -17"><span class='ocrx_word' id='word_1_300' title='bbox 236 3418 384 3474; x_wconf 85' lang='lat' dir='ltr'>tecedente</span> <span class='ocrx_word' id='word_1_301' title='bbox 413 3414 490 3473; x_wconf 86' lang='lat' dir='ltr'>fama</span> <span class='ocrx_word' id='word_1_302' title='bbox 518 3416 684 3491; x_wconf 88' lang='lat' dir='ltr'>nuntiisque</span> <span class='ocrx_word' id='word_1_303' title='bbox 718 3414 913 3482; x_wconf 91' lang='lat' dir='ltr'>Clusinorum,</span> <span class='ocrx_word' id='word_1_304' title='bbox 942 3411 1079 3489; x_wconf 91' lang='lat' dir='ltr'>deinceps</span> <span class='ocrx_word' id='word_1_305' title='bbox 1113 3411 1180 3470; x_wconf 90' lang='lat' dir='ltr'>inde</span> 
     </span>
    </p>

    <p class='ocr_par' dir='ltr' id='par_1_10' title="bbox 194 3490 1182 3652">
     <span class='ocr_line' id='line_1_41' title="bbox 194 3490 1181 3573; baseline -0.005 -20"><span class='ocrx_word' id='word_1_306' title='bbox 194 3497 359 3554; x_wconf 91' lang='lat' dir='ltr'>l0aliorum</span> <span class='ocrx_word' id='word_1_307' title='bbox 381 3496 559 3573; x_wconf 88' lang='lat' dir='ltr'>populorum,</span> <span class='ocrx_word' id='word_1_308' title='bbox 582 3494 739 3571; x_wconf 80' lang='lat' dir='ltr'>plurimum</span> <span class='ocrx_word' id='word_1_309' title='bbox 760 3494 878 3550; x_wconf 90' lang='lat' dir='ltr'>terroris</span> <span class='ocrx_word' id='word_1_310' title='bbox 902 3491 1026 3549; x_wconf 86' lang='lat' dir='ltr'>Romam</span> <span class='ocrx_word' id='word_1_311' title='bbox 1047 3490 1181 3548; x_wconf 88' lang='lat' dir='ltr'>celeritas</span> 
     </span>
     <span class='ocr_line' id='line_1_42' title="bbox 237 3571 1182 3652; baseline -0.003 -20"><span class='ocrx_word' id='word_1_312' title='bbox 237 3576 361 3632; x_wconf 89' lang='lat' dir='ltr'>hostium</span> <span class='ocrx_word' id='word_1_313' title='bbox 385 3573 461 3644; x_wconf 89' lang='lat' dir='ltr'>tulit,</span> <span class='ocrx_word' id='word_1_314' title='bbox 475 3576 581 3652; x_wconf 86' lang='lat' dir='ltr'>quippe</span> <span class='ocrx_word' id='word_1_315' title='bbox 609 3574 722 3649; x_wconf 88' lang='lat' dir='ltr'>quibus,</span> <span class='ocrx_word' id='word_1_316' title='bbox 739 3573 819 3629; x_wconf 87' lang='lat' dir='ltr'>velut</span> <span class='ocrx_word' id='word_1_317' title='bbox 839 3571 1029 3628; x_wconf 90' lang='lat' dir='ltr'>tumultuario</span> <span class='ocrx_word' id='word_1_318' title='bbox 1049 3571 1182 3629; x_wconf 85' lang='lat' dir='ltr'>exercitu</span> 
     </span>
    </p>
   </div>
   <div class='ocr_carea' id='block_1_3' title="bbox 236 3649 1182 3886">
    <p class='ocr_par' dir='ltr' id='par_1_11' title="bbox 236 3649 1182 3886">
     <span class='ocr_line' id='line_1_43' title="bbox 236 3649 1181 3731; baseline -0.003 -21"><span class='ocrx_word' id='word_1_319' title='bbox 236 3657 339 3730; x_wconf 89' lang='lat' dir='ltr'>raptim</span> <span class='ocrx_word' id='word_1_320' title='bbox 354 3654 451 3722; x_wconf 81' lang='lat' dir='ltr'>ductu,</span> <span class='ocrx_word' id='word_1_321' title='bbox 465 3674 542 3731; x_wconf 86' lang='lat' dir='ltr'>aegre</span> <span class='ocrx_word' id='word_1_322' title='bbox 558 3653 593 3710; x_wconf 91' lang='lat' dir='ltr'>ad</span> <span class='ocrx_word' id='word_1_323' title='bbox 609 3652 795 3709; x_wconf 91' lang='lat' dir='ltr'>undecimum</span> <span class='ocrx_word' id='word_1_324' title='bbox 813 3649 939 3726; x_wconf 89' lang='lat' dir='ltr'>lapidem</span> <span class='ocrx_word' id='word_1_325' title='bbox 952 3667 1109 3708; x_wconf 90' lang='lat' dir='ltr'>occursum</span> <span class='ocrx_word' id='word_1_326' title='bbox 1128 3659 1181 3720; x_wconf 85' lang='lat' dir='ltr'>est,</span> 
     </span>
     <span class='ocr_line' id='line_1_44' title="bbox 236 3726 1182 3810; baseline -0.002 -21"><span class='ocrx_word' id='word_1_327' title='bbox 236 3751 295 3810; x_wconf 90' lang='lat' dir='ltr'>qua</span> <span class='ocrx_word' id='word_1_328' title='bbox 309 3734 418 3792; x_wconf 88' lang='lat' dir='ltr'>flumen</span> <span class='ocrx_word' id='word_1_329' title='bbox 439 3733 518 3803; x_wconf 86' lang='lat' dir='ltr'>Alia,</span> <span class='ocrx_word' id='word_1_330' title='bbox 534 3732 729 3790; x_wconf 87' lang='lat' dir='ltr'>Crustuminis</span> <span class='ocrx_word' id='word_1_331' title='bbox 749 3730 893 3786; x_wconf 91' lang='lat' dir='ltr'>montibus</span> <span class='ocrx_word' id='word_1_332' title='bbox 913 3728 1031 3805; x_wconf 86' lang='lat' dir='ltr'>praealto</span> <span class='ocrx_word' id='word_1_333' title='bbox 1051 3726 1182 3787; x_wconf 80' lang='lat' dir='ltr'>defluens</span> 
     </span>
     <span class='ocr_line' id='line_1_45' title="bbox 236 3806 1180 3886; baseline -0.004 -17"><span class='ocrx_word' id='word_1_334' title='bbox 236 3810 331 3886; x_wconf 89' lang='lat' dir='ltr'>alveo,</span> <span class='ocrx_word' id='word_1_335' title='bbox 345 3810 422 3869; x_wconf 90' lang='lat' dir='ltr'>haud</span> <span class='ocrx_word' id='word_1_336' title='bbox 443 3811 567 3869; x_wconf 93' lang='lat' dir='ltr'>multum</span> <span class='ocrx_word' id='word_1_337' title='bbox 589 3809 666 3867; x_wconf 90' lang='lat' dir='ltr'>infra</span> <span class='ocrx_word' id='word_1_338' title='bbox 678 3811 756 3868; x_wconf 82' lang='lat' dir='ltr'>viam</span> <span class='ocrx_word' id='word_1_339' title='bbox 772 3808 912 3867; x_wconf 90' lang='lat' dir='ltr'>Tiberino</span> <span class='ocrx_word' id='word_1_340' title='bbox 932 3807 1010 3865; x_wconf 89' lang='lat' dir='ltr'>amni</span> <span class='ocrx_word' id='word_1_341' title='bbox 1031 3806 1180 3867; x_wconf 86' lang='lat' dir='ltr'>miscetur.</span> 
     </span>
    </p>
   </div>
   <div class='ocr_carea' id='block_1_4' title="bbox 0 0 1364 4292">
    <p class='ocr_par' dir='ltr' id='par_1_12' title="bbox 0 0 1364 4292">
     <span class='ocr_line' id='line_1_46' title="bbox 0 0 1364 4292; baseline 0 0"><span class='ocrx_word' id='word_1_342' title='bbox 0 0 1364 4292; x_wconf 95' lang='lat' dir='ltr'> </span> 
     </span>
    </p>
   </div>
  </div>
 </body>
</html>
