2717 4292
187 223 246 284 160
599 241 656 283 r1r1
677 239 751 281 nrrn

232 372 430 449 tumultusque
450 372 530 449 prius
550 372 580 428 in
594 381 673 429 terra
686 380 715 428 et
729 370 831 427 castris
844 387 933 445 quam
947 369 983 427 ad
999 388 1081 427 mare
1094 380 1124 428 et
1137 370 1178 429 ad

233 454 322 509 haves
335 461 378 509 est
397 462 486 520 ortus,
506 450 631 507 nondum
653 460 704 507 aut
723 450 809 525 pulsu
830 466 975 505 remorum
995 448 1174 525 strepituque

233 529 290 587 alio
303 530 420 587 nautico
434 528 576 598 exaudito,
592 538 642 586 aut
663 528 856 605 aperientibus
870 527 995 583 classem
1015 537 1174 603 promonto-

234 610 302 666 riis:
323 628 392 666 cum
407 617 523 684 repente
538 626 627 683 eques
641 607 717 664 alius
729 624 817 682 super
831 604 922 663 alium
936 607 973 662 ab
987 605 1175 665 Hasdrubale

204 689 337 747 bmissus
359 706 448 763 vagos
471 688 501 743 in
525 686 607 743 litore
628 686 796 761 quietosque
812 684 842 742 in
860 686 989 743 tentoriis
1008 686 1078 754 suis,
1100 686 1175 743 nihil

233 768 329 823 minus
352 784 442 841 quam
465 764 575 823 hostem
600 774 650 821 aut
677 763 814 840 proelium
838 782 873 821 eo
894 763 940 820 die
964 773 1170 839 exspectantes¹

233 844 426 903 conscendere
454 862 544 901 naves
571 860 690 919 propere
718 851 804 917 atque
832 860 914 898 arma
940 860 1045 917 capere
1071 842 1173 918 jubet:

233 924 357 981 classem
382 922 543 980 Romanam
563 922 624 998 jam
643 919 722 977 haud
741 919 842 997 procul
861 930 943 995 portu
970 940 1043 978 esse.
1099 920 1174 978 Haec
1275 964 1278 967 -

233 1003 344 1078 equites
358 1001 467 1059 dimissi
488 1001 593 1076 passim
613 999 803 1075 imperabant.
845 998 913 1056 Mox
929 997 1098 1056 Hasdrubal
1112 1001 1174 1075 ipse

190 1085 225 1139 10
234 1099 302 1137 cum
315 1080 392 1137 omni
413 1079 542 1137 exercitu
561 1078 677 1149 aderat;
700 1078 839 1153 varioque
852 1077 947 1134 omnia
961 1078 1088 1134 tumultu
1102 1087 1172 1135 stre-

181 1198 182 1201 *
233 1166 312 1235 punt,
338 1158 486 1215 ruentibus
511 1158 542 1214 iu
569 1176 658 1214 naves
682 1156 769 1213 simul
797 1155 955 1231 remigibus
976 1156 1174 1232 militibusque

234 1236 407 1313 fugientium
421 1236 541 1313 magise
555 1244 632 1293 terra
643 1252 733 1311 quarn
746 1234 776 1291 in
790 1252 919 1311 pugnam
932 1235 1063 1292 euntium
1077 1236 1171 1292 modo.

236 1314 363 1372 Vixdum
376 1334 476 1372 omnes
496 1312 731 1383 conscenderant,
752 1332 820 1371 curn
835 1312 893 1383 alii,
908 1312 1041 1370 resolutis
1060 1314 1127 1383 oris,
1142 1332 1173 1370 m

234 1395 375 1451 anchoras
389 1394 560 1463 evehuntur,
575 1392 636 1463 alii,
652 1391 773 1468 nequid
794 1400 897 1461 teneat,
913 1392 1080 1449 anchoralia
1101 1392 1172 1450 inci-

187 1477 224 1531 15
234 1472 313 1543 dunt,
329 1473 489 1548 raptimque
503 1472 599 1529 omn'a
620 1489 799 1547 praepropere
813 1470 924 1547 agendo
945 1470 1068 1527 militum
1085 1489 1172 1547 appa-

150 1545 158 1558 ’
235 1560 299 1609 ratu
309 1552 427 1608 nautica
436 1491 594 1608 ministeria
604 1550 807 1626 impediuntur,
819 1549 1006 1626 trepidatione
1015 1560 1173 1606 nautarum

234 1639 378 1705 caperest
392 1639 489 1704 aptare
499 1647 582 1685 arma
589 1629 673 1685 miles
683 1628 878 1705 prohibentur.
900 1627 939 1684 Et
949 1626 1010 1702 jam
1022 1627 1173 1685 Romanus

233 1726 290 1764 non
305 1708 549 1783 appropinquabat
563 1706 653 1775 modo,
668 1706 719 1763 sed
732 1706 876 1764 direxerat
889 1707 977 1763 etiarn
997 1707 1026 1763 in
1041 1725 1172 1783 pugnarn

233 1803 331 1842 naves.
374 1784 473 1860 Itaque
488 1803 544 1841 non
559 1785 595 1841 ab
608 1785 688 1842 hoste
702 1794 731 1842 et
752 1785 852 1860 proelio
867 1785 959 1861 magia
975 1784 1067 1855 Poeni,
1082 1804 1172 1861 quam

184 1870 222 1925 20
233 1873 344 1921 suomet
357 1864 411 1940 ipsi
425 1864 551 1922 tumultu
565 1864 682 1933 turbati,
697 1873 725 1920 et
738 1873 847 1921 tentata
860 1864 957 1920 verius
972 1882 1069 1939 pugna
1082 1882 1171 1939 quam

232 1944 312 2013 inita,
326 1944 357 1999 in
371 1941 470 2020 fugam
485 1952 651 2001 averterunt
664 1942 806 1999 classem:
828 1951 935 1999 etcum
949 1941 1062 1999 adversi
1076 1944 1171 1999 amnis

233 2042 265 2079 os
284 2022 342 2080 lato
356 2022 464 2099 agmini
475 2031 506 2089 'et
519 2031 578 2079 tam
593 2021 691 2079 multis
707 2020 794 2078 simul
808 2020 989 2078 venientibus
1009 2021 1086 2078 haud
1100 2040 1171 2078 sane

232 2101 366 2158 intrabile
387 2110 470 2170 esset,
492 2101 611 2159 inlitus
632 2101 738 2176 passim
757 2118 847 2157 naves
867 2109 998 2176 egerunt,
1020 2110 1106 2175 atque
1120 2100 1172 2156 alii

232 2179 322 2249 vadis,
338 2179 387 2235 alii
408 2180 485 2236 sicco
506 2179 587 2236 litore
602 2180 724 2254 excepti,
739 2180 843 2255 partim
857 2179 960 2236 armati
978 2180 1081 2255 partim
1095 2180 1170 2236 iner-

163 2263 302 2325 ·25mes‚
325 2256 361 2313 ad
383 2257 553 2314 instructam
574 2276 625 2333 per
653 2258 722 2315 litus
746 2259 839 2315 aciem
862 2276 981 2320 sucrum
1003 2256 1169 2334 perfugere.

232 2334 306 2392 Duae
327 2344 423 2393 tamen
443 2336 534 2411 primo
554 2354 699 2393 concursu
720 2346 812 2412 captae
832 2347 914 2393 erant
938 2335 1057 2394 Punicae
1069 2355 1170 2405 naves,

231 2423 366 2489 quattuor
393 2432 563 2491 suppressae.
626 2414 692 2472 XX.
728 2414 861 2484 Romani,
889 2434 1066 2491 quamquam
1093 2426 1172 2472 terra

199 2506 211 2539 t
232 2493 357 2551 hostium
371 2503 441 2563 erat,
457 2494 761 2570 armatamqueaciem
781 2504 837 2551 toto
857 2503 1024 2570 praetentam
1044 2495 1073 2550 in
1088 2494 1172 2551 litore

232 2574 396 2643 cemebant‚
426 2572 503 2630 haud
530 2582 702 2631 cunctanter
728 2573 850 2631 insecuti
878 2573 1018 2649 trepidam
1046 2573 1171 2631 hostium

183 2657 221 2711 30
232 2652 364 2721 classem,
386 2671 476 2709 naves
496 2670 602 2721 omnes,
624 2670 690 2727 quaa
707 2670 764 2709 non
778 2663 828 2708 aut
851 2650 1050 2729 perfregerant
1072 2670 1171 2728 proras

232 2730 308 2787 litori
322 2730 413 2787 illisas
427 2739 478 2787 aut
498 2732 614 2787 carinas
627 2730 750 2788 fixerant
765 2730 855 2799 vadis,
870 2730 1006 2807 religatas
1026 2732 1171 2808 puppibus

231 2808 261 2863 in
276 2809 367 2865 altum
380 2819 541 2879 extraxere,
556 2809 592 2865 ad
607 2810 735 2885 quinque
750 2818 778 2867 et
791 2810 894 2885 viginti
907 2828 997 2867 naves
1011 2830 1028 2866 e
1047 2809 1171 2886 quadra-

231 2887 311 2961 ginta
324 2905 438 2962 cepere.
468 2886 586 2962 ,Neque
600 2886 628 2943 id
643 2888 871 2964 pulcherrimum
886 2888 950 2964 ejus
964 2890 1093 2946 victoriae
1107 2888 1170 2958 fuit,

231 2962 280 3019 sed
294 2964 369 3039 quod
391 2982 450 3021 una
468 2963 526 3021 levi
540 2984 638 3042 pugna
659 2975 716 3023 toto
736 2966 801 3042 ejus
820 2984 878 3024 orae
891 2967 965 3023 mari
983 2968 1063 3044 potiti
1077 2979 1169 3025 erant.

182 3039 331 3117 351taque
353 3041 389 3099 ad
410 3041 540 3099 Onusam
561 3044 653 3101 classe
673 3046 811 3121 provecti,
826 3047 974 3103 exscensio
989 3047 1025 3103 ab
1046 3047 1171 3103 navibus

231 3122 261 3178 in
280 3130 386 3178 terram
408 3120 494 3191 facta,
508 3140 576 3179 cum
590 3123 692 3180 urbem
706 3124 736 3181 vi
755 3125 899 3199 cepissent
918 3134 1090 3201 captamque
1104 3124 1171 3180 diri-

231 3200 367 3276 puissent,
389 3199 595 3279 Carthaginem
614 3201 682 3259 inde
702 3212 810 3279 petunt,
825 3213 920 3279 atque,
938 3222 1052 3260 omnem
1067 3220 1172 3279 agrum

230 3280 310 3338 circa
333 3279 504 3356 depopulati,
529 3288 671 3355 postremo
694 3291 771 3339 tecta
795 3300 909 3357 quoque
933 3282 1064 3357 injuncta
1088 3300 1172 3338 muro

230 3360 373 3435 portisque
394 3358 593 3417 incenderunt.
643 3358 712 3417 Inde
731 3361 793 3435 jam
814 3360 911 3436 praeda
931 3361 1030 3438 gravis
1044 3360 1080 3416 ad
1095 3358 1171 3417 Lon·

180 3445 219 3499 40
230 3438 379 3514 gunticam
401 3438 531 3513 pervenit
553 3437 663 3507 classis
679 3439 733 3505 ubi,
750 3439 794 3496 vis
814 3458 920 3515 magna
937 3440 1026 3514 sparti
1051 3438 1087 3494 ad
1110 3457 1172 3496 rem

229 3517 377 3573 nauticam
401 3526 538 3593 congesta
559 3516 595 3573 ab
619 3515 821 3574 Hasdrubale:
846 3516 922 3592 quod
942 3519 1012 3574 satis
1033 3518 1064 3573 in
1086 3536 1172 3574 usum

229 3593 292 3663 fuit,
308 3595 428 3663 sublato,
444 3604 574 3652 ceterum
595 3613 678 3652 omne
700 3596 851 3653 incensum
865 3605 917 3652 est.
959 3594 1026 3653 Nec
1050 3596 1081 3651 in
1105 3615 1172 3653 con·

229 3673 344 3729 tinentis
371 3672 453 3730 modo
480 3673 621 3748 projectas
648 3692 722 3742 oras,
750 3673 800 3731 sed
827 3675 858 3730 in
885 3673 1020 3731 Ebusum
1045 3675 1173 3734 insulam

229 3750 439 3807 transmissum.
482 3750 540 3808 Ubi
565 3751 645 3821 urbe,
661 3770 727 3827 quae
747 3762 834 3830 caput
854 3752 959 3810 insulae
979 3763 1032 3826 est,
1052 3751 1174 3812 biduum
