2717 4292
148 875 153 882 .
247 756 250 762 ’
319 793 564 916 Tiri
639 799 973 921 nrvrr.

516 1198 780 1274 taurino.

189 1433 390 1496 Fncmrusrm
410 1454 504 1512 opere
525 1435 650 1513 pretium
670 1436 736 1506 sim,
754 1436 780 1493 si
800 1455 819 1494 a
839 1435 994 1514 primordio
1013 1435 1095 1498 urbis

148 1551 198 1593 res
219 1535 318 1612 populi
340 1533 465 1594 Romani
486 1534 714 1612 perscripserim,
728 1553 785 1593 nec
804 1536 875 1593 satis
894 1536 963 1607 scio,
982 1554 1047 1607 uec,
1068 1536 1095 1604 ai

149 1634 251 1704 sciam,
266 1633 364 1692 dicere
385 1634 498 1706 ausim;
521 1634 627 1710 quippe
641 1633 702 1709 qui,
717 1651 787 1691 cum
801 1643 937 1705 veterem,
952 1643 1016 1691 tum
1030 1633 1093 1691 vul·

149 1741 248 1809 getam
269 1751 333 1790 esse
347 1751 418 1802 rem,
433 1731 557 1802 videam5
572 1732 642 1790 dum
660 1732 728 1789 novi
741 1750 856 1809 semper
875 1734 1029 1809 scriptores
1043 1742 1094 1792 aut

149 1831 181 1888 in
202 1831 289 1888 rebus
311 1831 418 1888 certius
439 1830 548 1906 aliquid
572 1831 712 1889 allaturos
735 1851 776 1902 se,
792 1841 842 1890 aut
862 1832 1007 1890 scribendi
1031 1833 1129 1892 artes»

149 1928 252 1987 rudem
267 1925 439 1986 vetustatem
460 1939 646 2006 superaturos
666 1929 798 1988 credunt.
841 1931 1007 2008 Utcumque
1028 1933 1092 2003 erit,

143 2025 260 2102 juvabit
280 2037 386 2098 tamen,
402 2045 501 2085 rerum
524 2039 673 2104 gestarum
689 2030 835 2087 memoriae
850 2031 989 2107 principis
1002 2041 1092 2089 terra·

148 2143 216 2182 rum
232 2125 330 2203 populi
345 2145 395 2202 pro
410 2126 487 2182 virili
503 2137 582 2203 parte
599 2137 628 2184 et
642 2127 736 2204 ipsum
752 2128 949 2186 consuluisse:
971 2139 1008 2199 et,
1024 2129 1092 2186 siin

148 2217 229 2283 tante
244 2225 416 2302 scriptorum
431 2225 516 2283 turba
531 2245 595 2284 mea
610 2225 688 2284 ferna
701 2227 731 2283 in
745 2227 868 2285 obscuro
886 2228 931 2298 sit,
946 2228 1093 2286 nobilitate

149 2343 186 2382 ac
200 2323 400 2401 magnitudine
415 2342 516 2382 corum
537 2343 592 2394 mc,
607 2326 657 2401 qui
671 2326 780 2383 nomini
793 2325 919 2384 officient
937 2345 1010 2397 meo,
1026 2346 1092 2384 oon·
1109 2329 1146 2386 1⁰

148 2423 235 2480 soler.
279 2421 339 2479 Res
358 2431 401 2479 est
416 2432 556 2498 praeteree
569 2434 597 2480 et
611 2423 745 2482 immensi
759 2424 862 2501 operis,
879 2435 911 2482 ut
924 2445 990 2501 quae
1004 2444 1093 2502 supra

149 2521 437 2597 septingentesimum
460 2539 569 2578 aunum
593 2532 748 2598 repetatur,
769 2531 798 2580 et
821 2541 896 2598 quoe,
919 2523 955 2580 ab
978 2524 1094 2601 exiguis

147 2616 280 2709 profecte
300 2618 398 2688 initiis,
419 2637 453 2676 eo
474 2619 608 2688 creverit,
630 2629 663 2675 ut
683 2619 745 2694 jam
764 2620 963 2695 magnitudine
983 2620 1094 2678 laboret

149 2737 223 2790 sua3
247 2727 276 2775 et
289 2717 448 2794 legentium
464 2717 609 2794 plerisque
631 2715 709 2774 haud
723 2716 822 2774 dubito
839 2717 910 2792 quin
925 2718 1025 2794 primes
1038 2718 1093 2776 ori-

149 2817 233 2894 gines
255 2817 442 2893 proximaque
463 2816 622 2894 originibus
646 2815 743 2873 minus
764 2816 919 2893 praebitura
939 2817 1093 2894 voluptatis
1109 2819 1147 2876 15

149 2915 215 2984 siut,
232 2913 433 2973 festinantibus
454 2914 489 2972 ad
510 2915 574 2973 haec
593 2933 678 2985 nova,
693 2915 800 2991 quibus
818 2916 880 2993 jam
895 2916 1006 2993 pridem
1021 2936 1093 2994 prae·

150 3014 275 3072 valentis
296 3013 393 3090 populi
407 3014 485 3071 vires
505 3033 536 3071 se
551 3015 621 3090 ipsae
635 3015 803 3072 conficiunt.
845 3014 910 3093 Ego
923 3027 1024 3074 contre
1038 3017 1093 3076 hoo

149 3130 266 3188 quoque
286 3111 393 3169 laboris
407 3113 559 3188 praemium
573 3123 678 3189 petam,
695 3123 727 3170 ut
741 3133 787 3171 me
802 3133 819 3171 a
833 3125 990 3192 conspectu
1004 3116 1091 3173 malo·

150 3227 226 3279 rum,
242 3229 309 3286 quae
322 3219 421 3268 nostra
432 3220 474 3268 tot
494 3229 546 3288 per
565 3229 654 3268 annos
668 3211 739 3269 vidit
753 3222 831 3283 aetas,
846 3214 985 3290 tantisper
1003 3223 1091 3283 certe,

149 3307 219 3366 dum
234 3309 332 3386 prisce
345 3309 398 3366 ille
418 3319 476 3368 tota
490 3319 585 3368 mente
600 3319 707 3387 repeto,
723 3320 861 3381 avertam,
875 3313 968 3369 omnis
988 3330 1092 3388 expers
1105 3316 1145 3371 20

149 3424 240 3476 curae,
265 3425 332 3482 quae
352 3408 504 3465 scribentis
526 3409 656 3466 animum
677 3409 732 3466 etsi
751 3425 810 3465 uon
830 3409 947 3466 flectere
974 3428 992 3466 e
1013 3427 1091 3480 vero,

149 3503 309 3562 sollicitum
335 3513 433 3562 tamen
463 3505 578 3564 efficere
606 3515 709 3582 posset.
751 3505 827 3570 Quae
855 3515 920 3563 ente
947 3505 1093 3567 conditam

36 3607 45 3618 ’
151 3600 367 3659 condendamve
387 3602 488 3660 urbem
507 3604 625 3679 poeticis
642 3605 736 3680 magis
757 3602 862 3660 decore
880 3601 984 3662 fabulis
1004 3623 1093 3680 quam

151 3698 326 3775 incorruptis
338 3712 593 3778 rerumgestarum
608 3702 801 3763 monumentis
814 3701 976 3773 traduntur,
988 3723 1023 3760 ee
1037 3722 1092 3762 nec

151 3794 299 3855 offirmare
319 3815 374 3856 nec
396 3797 528 3856 refellere
550 3800 579 3868 in
600 3800 697 3864 animo
717 3807 771 3858 cst.
813 3797 908 3857 Datur
921 3788 985 3858 baec
1007 3802 1092 3872 renio
1105 3804 1145 3859 25
1170 3781 1175 3790 ⁸

650 3897 663 3950 ι
1106 3901 1108 3904 ,
