2717 4292
175 243 233 303 134
601 262 660 303 riri
682 262 756 304 arm

225 395 403 475 palustribus
426 394 523 453 herbis
544 403 581 463 et,
609 394 717 469 quibus
740 392 852 451 inculta
878 392 971 451 ferme
998 393 1172 470 vestiuntur,

226 476 360 553 virgultis
373 474 578 550 vepribusque.
619 474 718 539 Quem
733 474 783 530 ubi
797 482 1036 549 equites-quoque
1049 474 1173 551 tegendo

226 556 295 612 satis
319 554 495 611 latebrosum
517 553 615 610 locum
637 554 854 610 circumvectus
873 553 936 628 ipse
960 553 1055 610 oculis
1075 554 1171 628 perlu-

226 634 336 703 stravit,
352 633 428 690 ‘ahio
442 633 498 689 erit
515 630 618 689 loeus''
634 630 754 708 Magoni
769 630 851 689 fratri
869 632 911 688 ait
925 637 944 665 “
953 650 1041 707 quern
1055 642 1172 690 teneas:

197 712 321 789 5delige
342 721 478 769 centenos
499 711 576 767 viros
597 729 633 767 ex
654 711 733 767 omni
753 709 847 787 pedite
869 720 956 785 atque
976 712 1084 787 equite,
1103 731 1174 770 cum

226 792 334 867 quibus
354 791 390 849 ad
405 810 452 848 me
470 790 571 867 vigilia
583 790 678 866 prima
692 789 812 847 venias:
833 808 912 847 nunc
927 808 1048 865 corpora
1066 808 1173 849 curare

227 880 341 947 tempus
354 869 431 927 est.''
472 868 515 927 lta
529 869 695 945 praetorium
709 869 840 926 missum.
883 867 1036 926 Mox‘cum
1052 867 1173 927 delectis

228 946 316 1026 Mago
330 948 439 1007 aderat.
466 948 609 1005 “Robora
623 948 753 1005 virorum
767 945 886 1017 cemo‚''
897 948 991 1023 inquit
1005 947 1186 1008 Hannibalt·

229 1028 306 1085 “sed
322 1029 364 1085 uti
374 1046 496 1085 numero
509 1028 606 1094 etiam,
622 1045 678 1083 non
690 1027 798 1095 animis
808 1025 891 1084 modo
902 1027 1034 1097 valeatis,
1049 1027 1187 1105 singulis*

89 1134 91 1139 ’
182 1111 217 1166 10
228 1107 307 1164 vobis
315 1125 442 1164 novenos
450 1125 486 1163 ex
500 1106 603 1163 turmis
614 1106 827 1181 manipulisque
838 1105 926 1163 vestri
937 1106 1048 1163 similes
1058 1106 1173 1183 eligite:
1193 1102 1196 1110 ’

183 1218 184 1221 ¹
229 1185 316 1263 Mago
339 1186 436 1243 locum
450 1185 619 1242 monstrabit
640 1204 728 1260 quem
748 1184 913 1242 insideatis:
934 1185 1045 1242 hostem
1059 1204 1174 1243 caeeum

113 1269 117 1277 ’
229 1264 265 1322 ad
284 1266 336 1321 has
356 1264 425 1321 belli
445 1274 521 1322 artes
537 1262 683 1321 habetis.''
724 1262 861 1320 ltamille
878 1264 1024 1340 equitibus
1044 1263 1174 1342 Magoni,

229 1343 309 1400 mille
332 1343 474 1421 peditibus
498 1343 632 1413 dimissis,
654 1342 802 1399 Hannibal
823 1344 917 1419 prima
938 1344 1005 1401 luce
1027 1343 1174 1401 Numidas

229 1423 341 1497 equites
367 1433 562 1500 transgressos
589 1422 728 1479 Trebiam
756 1423 865 1479 flumen
892 1423 1061 1498 obequitare
1090 1423 1175 1499 jubet

182 1508 219 1561 15
229 1502 461 1578 hostium'portis
470 1501 684 1579 jaculandoque
695 1502 724 1557 in
733 1502 870 1558 stationes
880 1502 987 1559 elicere
997 1502 1033 1559 ad
1045 1521 1174 1579 pugnam

229 1581 348 1652 hostem,
372 1582 477 1657 injecto
501 1580 603 1639 deinde
628 1582 786 1638 certamine
813 1580 941 1638 cedendo
967 1582 1075 1638 sensim
1099 1582 1176 1639 citra

230 1661 339 1719 flumen
361 1661 537 1737 pertrahere.
579 1659 653 1717 Haec
673 1659 808 1717 mandata
826 1659 980 1717 Numidis:
1001 1661 1107 1718 ceteris
1121 1661 1173 1718 du-

230 1738 312 1796 cibus
326 1739 454 1815 peditum
469 1740 657 1814 equitumque
678 1748 856 1815 praeceptum
871 1749 903 1796 ut
917 1739 1059 1815 prandere
1073 1758 1175 1798 omnes

227 1817 370 1893 juberent,
394 1828 518 1875 armatos
545 1817 648 1875 deinde
672 1819 858 1893 instratisque
879 1818 962 1894 equis
985 1819 1103 1896 signum
1124 1838 1173 1876 ex·

181 1900 370 1972 20spectara.

270 1974 457 2053 Sempronius
471 1975 507 2033 ad
527 1976 685 2035 tumultum
706 1975 904 2034 Numidarum
918 1978 1045 2052 primum
1057 1996 1174 2035 omnem

230 2054 512 2130 equitatum-ferox
549 2074 586 2113 ea
614 2065 695 2133 parte
723 2055 973 2113 virium—deinde
1000 2076 1052 2113 sex
1080 2057 1174 2114 millia

230 2134 366 2209 peditum,
389 2146 530 2211 postremo
550 2153 649 2192 omnes
664 2135 762 2211 copias
776 2133 812 2192 ad
833 2134 1006 2199 destinatum
1027 2135 1092 2211 jam
1106 2146 1174 2192 ante

230 2214 358 2282 consilio,
381 2213 484 2270 avidus
507 2214 682 2283 certaminis,
705 2213 813 2271 eduxit.
868 2213 942 2271 Erat
966 2212 1037 2271 sorte
1061 2214 1174 2272 brumas

181 2297 219 2349 25
231 2300 343 2367 tempus
357 2301 385 2349 et
398 2293 504 2349 nivalis
518 2292 578 2349 dies
592 2294 623 2349 in
636 2293 709 2350 locis
724 2293 849 2369 Alpibus
863 2293 1172 2368 Apenninoqueinter-

227 2369 321 2445 jectis,
336 2372 547 2447 propinquitate
560 2372 648 2429 etiam
667 2373 822 2429 fluminum
836 2390 872 2429 ac
892 2370 1042 2448 paludium
1063 2391 1172 2449 praege-

230 2449 305 2506 lidis.
348 2448 396 2507 Ad
410 2450 464 2508 hoc
479 2445 581 2527 raptim
596 2450 708 2522 eductis
722 2450 984 2526 hominibus—atque
1003 2452 1095 2527 equis,
1115 2471 1172 2510 non

230 2539 314 2604 capto
328 2539 394 2586 ante
406 2530 479 2600 cibo,
491 2549 548 2587 non
561 2549 614 2605 ope
629 2530 692 2587 ulla
706 2528 741 2587 ad
757 2529 914 2587 arcendum
926 2529 1018 2607 frigus
1032 2530 1171 2602 adhibita,

229 2608 301 2665 nihil
325 2610 430 2666 caloris
450 2610 558 2680 inerat‚'
573 2618 610 2667 et
625 2608 765 2685 quidquid
784 2627 864 2665 anrae
880 2610 1008 2667 fluminis
1022 2611 1172 2686 appropin·
1236 2617 1239 2619 ’

182 2688 365 2762 aequabant,
388 2688 504 2745 afflabat
525 2684 755 2765 aerior‘frigoris
772 2688 832 2744 vis:
855 2697 886 2746 ut
905 2706 974 2745 vero
995 2687 1172 2765 refugientes

139 2812 144 2825 .
229 2765 374 2824 Numidas
395 2768 577 2843 insequentes
592 2786 698 2842 aquarn
714 2766 837 2843 ingressi
851 2777 987 2825 sunt—et
1000 2778 1064 2825 erat
1077 2777 1171 2843 pecto-

231 2845 311 2901 ribus
335 2854 419 2902 tenus
444 2855 531 2903 aucta
554 2856 696 2903 nocturno
716 2846 904 2903 imbri-tum
925 2847 1025 2922 utique
1045 2849 1172 2923 egressis

230 2923 325 2999 rigere
352 2924 485 2981 omnibus
512 2942 640 3000 corpora,
669 2933 702 2981 ut
729 2926 778 2981 vix
804 2943 951 2982 armorum
982 2925 1171 2983 tenendorum

230 3002 354 3076 potentia
368 3014 450 3073 esset,
466 3012 495 3059 et
515 3002 609 3061 simul.
623 3003 793 3062 lassitudine
815 3013 844 3060 et
861 3004 1032 3081 precedente
1047 3005 1110 3080 jam
1124 3005 1171 3063 die

182 3078 306 3139 essame
331 3080 420 3141 ,etiam
448 3081 582 3139 deficere.
638 3081 705 3141 LV.
734 3082 909 3140 Hannibalis
932 3084 1048 3147 interim
1077 3084 1171 3155 miles,

229 3159 345 3236 ignibus
367 3169 431 3218 ante
452 3162 575 3219 tentoria
603 3159 695 3231 sactis,
718 3161 839 3237 oleoque
867 3180 919 3239 per
942 3162 1113 3240 manipulos,
1140 3175 1173 3221 ut

226 3238 374 3321 mollirent
395 3249 483 3311 artus,
499 3241 594 3312 misso,
610 3250 638 3298 et
652 3242 717 3299 cibo
730 3260 782 3317 per
794 3242 885 3298 otium
906 3251 998 3317 capto,
1014 3242 1063 3298 ubi
1078 3250 1171 3299 trans·

229 3337 343 3395 gressos
357 3320 465 3377 flumen
479 3320 573 3377 hostes
587 3322 750 3377 nuntiatum
759 3329 811 3391 est,
820 3321 919 3378 alacer
927 3321 1031 3378 animis
1046 3322 1170 3398 corpori-

230 3398 341 3474 busque
362 3417 444 3455 arma
468 3400 545 3475 capit
566 3409 652 3475 atque
672 3400 703 3455 in
724 3400 818 3457 aciem
841 3399 979 3475 procedit.
1031 3399 1171 3458 Baleares

181 3477 306 3535 ¹4tllocat
328 3487 393 3535 ante
415 3479 507 3555 signa,
533 3478 627 3536 levem
653 3487 839 3548 armaturam,
855 3489 931 3536 ¹octo
959 3478 1050 3536 ferme
1078 3479 1171 3537 millia

230 3556 406 3635 homirrum;¹
422 3558 488 3614 dein
508 3559 670 3635 graviorem
693 3558 780 3613 armis
801 3558 934 3634 peditem,
955 3557 1032 3633 quod
1053 3558 1171 3628 virium,

229 3634 304 3709 quod
319 3636 427 3693 roboris
441 3646 512 3694 erat.
555 3636 588 3694 ln
602 3637 737 3694 cornibus
751 3635 938 3694 circumfudit
958 3637 1059 3693 decem
1077 3637 1172 3694 millia

229 3714 367 3788 equitum,
383 3723 411 3771 et
431 3716 467 3771 ab
481 3716 616 3772 cornibus
636 3716 666 3772 in
688 3724 840 3790 utramque
861 3720 972 3791 partem
986 3715 1092 3773 divisos
1112 3716 1171 3773 ele·

181 3815 185 3821 ¹
229 3790 349 3868 phantos
363 3794 471 3849 statuit.
513 3792 620 3850 Consul
632 3793 737 3851 effusos
750 3805 905 3870 sequentes
918 3796 1119 3871 equitas‚cum
1133 3794 1171 3852 ab
