2717 4292
200 278 238 340 16
399 340 405 352 Ι
614 286 672 326 rrrr
694 285 768 325 nrvn

249 417 465 494 Laviniumque
487 418 573 474 urbes
588 426 759 473 renovatum
778 426 832 472 est.
874 414 996 472 Etcum
1017 415 1063 473 his
1075 415 1198 493 quidem

250 500 396 573 insperata
420 515 476 572 pax
486 505 578 563 ,eretz
605 494 684 552 aliud
704 495 795 551 multo
819 495 944 570 propius,
960 505 1046 570 atque
1070 497 1100 551 in
1124 498 1198 572 ipsrs

249 595 335 654 prope
350 577 446 651 portis,
459 575 567 632 bellum
581 583 686 631 ortum.
729 573 893 642 Fidenates,
905 574 991 630 nimis
1005 575 1116 631 vicinas
1130 593 1196 650 pro-

249 675 284 732 pe
305 675 336 712 se
357 655 561 712 convalescere
583 672 651 729 opes
675 653 740 721 rati,
762 653 930 728 priusquam
950 662 1061 710 tantum
1084 654 1197 711 roboris

220 738 325 792 basset
336 743 478 810 quantum
493 732 624 790 futurum
646 731 811 808 apparebat,
826 731 1007 807 occupabant
1027 731 1136 788 bellum
1152 731 1195 790 sa-

181 817 185 824 '
249 832 325 871 cere.
369 811 385 869 J
388 822 525 869 uvantute
537 821 648 868 armata
662 811 800 879 immissa,
811 820 942 867 vastatur
955 811 1019 886 agri
1032 811 1107 886 quod
1118 812 1196 868 inter

181 946 183 952 ,
250 892 351 948 urbem
365 911 400 949 ac
415 891 541 948 Fidenas
561 899 622 948 est:
644 890 710 946 inde
724 889 761 946 ad
781 889 886 946 laevam
905 890 991 959 versi,
1005 891 1075 965 quia
1091 889 1196 948 dextra

250 970 365 1028 Tiberis
380 971 505 1039 arcebat,
521 988 589 1027 cum
604 988 711 1046 magna
724 967 911 1045 trepidatione
926 970 1084 1045 agrestium
1103 988 1194 1046 popu·

249 1050 346 1107 lantur
356 1049 583 1125 :.t'umultusque
595 1066 707 1124 repens,
719 1067 756 1104 ex
770 1047 849 1123 agris
862 1048 892 1104 in
907 1047 1008 1104 urbem
1022 1047 1128 1117 illatus,
1141 1066 1195 1124 pro

203 1134 237 1188 10
249 1130 348 1186 nuntio
371 1127 434 1186 fuit.
477 1127 601 1185 Excitus
625 1126 904 1202 Romulus-neque
927 1127 1004 1182 enim
1026 1126 1193 1184 dilationem

218 1269 219 1272 Ἴ
248 1208 306 1283 pati
320 1216 379 1264 tarn
391 1208 519 1265 vicinum
534 1206 643 1264 bellum
654 1195 964 1282 poterit-exercitum
978 1206 1084 1275 educit,
1096 1216 1191 1263 castra

249 1305 266 1342 a
280 1286 398 1344 Fidenis
411 1285 491 1343 mille
504 1304 650 1362 ¹passuum
664 1285 749 1342 locat.
791 1284 835 1342 lbi
849 1284 961 1341 modico
981 1284 1111 1360 prasidio
1125 1285 1193 1342 reli.

248 1374 303 1435 cte,
323 1384 457 1441 egressus
475 1365 608 1422 omnibus
626 1365 731 1441 copiis,
746 1373 857 1440 partem
879 1364 1003 1420 militum
1026 1363 1098 1421 locis
1111 1365 1193 1422 circa

247 1444 337 1502 densa
350 1446 440 1502 obsita
454 1445 581 1522 virgulta
594 1445 726 1501 obscuris
746 1443 895 1500 subsidere
914 1443 944 1498 in
959 1443 1070 1500 insidiis
1087 1444 1192 1519 jussit:
1257 1471 1261 1478 ·

201 1531 236 1584 15
248 1541 315 1580 curn
327 1537 406 1600 parte
420 1524 528 1600 majore
543 1524 721 1599 atquenmni
735 1524 865 1598 equitatu
877 1519 1101 1598 profectus,-id
1115 1522 1192 1598 quod

247 1603 609 1678 quaerebat-tumultuoso
634 1611 663 1659 et
684 1602 792 1658 minaci
813 1619 921 1678 genere
943 1619 1057 1677 pugnae,
1073 1601 1191 1677 adequi-

247 1682 331 1738 tando
352 1683 421 1757 ipsis
444 1700 530 1758 prope
550 1681 645 1757 portiS,
660 1681 771 1737 hostem
793 1680 910 1738 excivit.
953 1679 977 1736 F
981 1699 1046 1756 ugae
1065 1700 1191 1757 quoque,

247 1778 312 1834 quae
326 1759 489 1817 simulanda
503 1769 574 1828 erat,
586 1759 688 1816 eadem
699 1761 840 1835 equestris
851 1778 949 1836 pugna
960 1778 1080 1816 causam
1094 1761 1192 1818 minua

247 1838 408 1895 mirabilem
422 1838 515 1896 dedit:
536 1848 565 1896 et
579 1857 656 1908 cum,
672 1839 753 1896 velut
767 1840 841 1896 inter
854 1857 960 1914 pugnae
974 1837 1109 1915 fugaeque
1123 1859 1191 1897 con-

202 1924 236 1978 20
247 1917 344 1974 silium
358 1918 516 1994 trepidante
530 1919 669 1993 equitatu,
685 1918 772 1994 pedes
785 1937 900 1994 quoque
915 1915 1036 1974 referret
1055 1918 1191 1994 gradum,

247 1996 339 2071 plenis
360 2007 475 2073 repente
497 1999 584 2073 portis
597 1995 682 2054 effusi
700 1998 802 2067 hostes,
817 1997 942 2072 impulsa
963 1996 1095 2054 Romana
1116 2000 1190 2070 acie,

246 2075 339 2133 studio
349 2077 473 2134 instandi
484 2076 679 2152 sequendique
691 2077 845 2134 trahuntur
856 2076 891 2133 ad
902 2076 999 2133 locum
1009 2073 1190 2134 insidiarum.

247 2153 316 2211 lnde
330 2156 424 2212 subito
444 2157 535 2213 exorti
550 2156 674 2213 Romani
695 2164 890 2213 transversam
904 2155 1045 2222 invadunt
1065 2156 1191 2214 hostiurn

247 2233 358 2290 aciem:
380 2234 487 2292 addunt
509 2253 644 2311 pavorem
666 2243 742 2291 mota
756 2255 773 2292 e
787 2236 891 2293 castris
909 2236 993 2311 signa
1014 2253 1124 2304 eorum,
1139 2237 1191 2311 qui

200 2313 276 2374 ibin
291 2312 422 2387 praesidio
443 2314 535 2372 relicti
550 2313 683 2372 fuerant:
704 2315 745 2370 ita
765 2315 918 2391 multiplici
938 2324 1048 2370 terrore
1062 2316 1191 2390 perculsi

247 2390 410 2462 Fidenates,
432 2393 512 2468 prius
534 2411 624 2470 paene,
645 2411 734 2469 quam
761 2393 913 2462 Romulus,
935 2393 1043 2469 quique
1063 2413 1132 2450 curn
1156 2413 1191 2452 eo

245 2471 356 2545 equites
374 2482 464 2540 erant,
480 2473 713 2549 circumagerent
737 2471 827 2529 frenis
840 2492 938 2548 equos,
956 2483 1038 2548 terga
1052 2483 1188 2547 vertunt;

245 2550 393 2626 multoque
426 2550 691 2627 effusius-quippe
720 2570 790 2609 vera
825 2550 986 2628 fuga—qui
1018 2551 1190 2610 simulantes

245 2631 331 2706 paulo
345 2640 410 2701 ante
424 2632 621 2711 secuti,erant,
635 2631 772 2706 oppidum
791 2631 967 2706 repetebant.
1010 2630 1077 2688 Non
1091 2641 1190 2688 tamen

198 2716 234 2770 30
245 2710 377 2785 eripuere
392 2724 423 2767 se
444 2712 533 2768 hosti:
556 2711 668 2767 haerens
682 2711 713 2765 in
726 2720 808 2788 tergo
829 2710 988 2779 Romanus,
1004 2711 1084 2785 prius
1100 2729 1189 2785 quarn

246 2786 321 2844 sores
342 2798 488 2862 portarum
507 2788 711 2863 objicerentur,
726 2791 807 2846 velut
828 2790 943 2865 agmine
963 2808 1021 2846 uno
1043 2790 1187 2865 irrumpit.

222 2869 228 2880 '
247 2865 313 2922 XV.
336 2865 411 2922 Belli
433 2865 580 2923 Fidenatis
601 2868 770 2942 contagione
791 2869 895 2925 irritati
910 2868 1078 2925 Veientium
1098 2869 1188 2926 animi

246 2952 275 2999 et
296 2945 652 3020 consanguinitate—nam
674 2945 829 3004 Fidenates
850 2966 965 3023 quoque
986 2947 1105 3004 Etrusci
1126 2946 1189 3004 fue.
1274 3005 1279 3010 ,

199 3064 204 3072 .
246 3024 479 3098 runt,·-et·quod
494 3025 556 3100 ipsa
567 3025 762 3101 propinquitas
773 3026 839 3094 loci,
850 3028 874 3083 si
886 3026 1019 3084 Romana
1033 3045 1114 3083 arma
1128 3046 1188 3084 om.

197 3099 234 3165 35
246 3101 330 3159 nibus
344 3100 447 3159 infesta
461 3103 589 3161 finitimis
603 3116 707 3175 essent,
722 3105 896 3174 stimulabat,
911 3107 941 3162 in
955 3106 1028 3163 fines
1042 3105 1190 3164 Romanos

245 3192 485 3252 excucurrerunt,
500 3183 694 3259 populabundi
708 3186 802 3262 magis
816 3204 904 3260 quam
920 3184 991 3260 justi
1005 3204 1085 3242 more
1100 3185 1188 3243 belli:

246 3259 342 3336 itaque
357 3279 413 3318 non
427 3263 529 3319 castris
540 3264 646 3339 positis,
658 3281 716 3321 non
727 3274 891 3340 exspectato
905 3265 1030 3321 hostium
1045 3263 1187 3334 exercitu,

246 3350 356 3416 raptam
371 3359 407 3397 ex
422 3342 500 3418 agris
514 3341 639 3418 praedam
654 3353 798 3418 portantes
812 3343 902 3400 Veios
916 3342 1038 3400 rediere.
1081 3342 1187 3400 Roma-

245 3437 300 3476 nus
314 3429 421 3488 contra,
437 3430 586 3497 postquam
600 3421 709 3479 hostem
723 3423 753 3479 in
768 3423 847 3499 a'gris
861 3441 917 3478 non
933 3423 1052 3490 invenit,
1067 3421 1188 3478 dimica-

198 3506 234 3560 40
245 3501 313 3556 tioni
325 3501 433 3557 ultimae
444 3501 601 3558 instructus
609 3500 802 3576 intentusque,
813 3500 943 3558 Tiberim
953 3501 1065 3558 transit.
1087 3499 1187 3565 Quem

247 3588 394 3652 postquam
409 3589 504 3636 castra
525 3596 638 3655 ponere,
653 3589 682 3636 et
703 3578 738 3635 ad
753 3581 855 3636 urbem
876 3598 1064 3637 accessurum
1079 3579 1187 3636 Veien-

246 3665 289 3712 tes
310 3656 455 3725 audivere,
471 3658 584 3714 obviam
606 3658 724 3733 egressi,
740 3668 771 3715 ut
790 3659 884 3733 potius
903 3660 966 3716 acie
988 3658 1186 3728 decernerent,

246 3749 333 3805 quam
347 3732 452 3790 inclusi
466 3735 500 3792 de
515 3737 598 3793 tectis
612 3737 814 3811 moenibusqua
828 3736 1008 3794 dimicarent.
1050 3735 1103 3806 lbi,
1118 3737 1184 3810 viri.

173 3829 175 3834 ‘
245 3807 300 3868 bus
320 3811 402 3868 nulla
422 3821 482 3868 arte
504 3812 618 3886 adjutis,
632 3823 745 3872 tantum
765 3816 895 3873 veterani
917 3816 1017 3874 robore
1038 3815 1187 3874 exercitus
