2717 4292
630 324 690 365 rm
711 323 786 366 mvn

257 460 378 520 oblitum
392 477 439 516 me
461 457 519 515 huc
533 456 708 533 processisse
722 462 820 532 putet:
841 452 891 512 sed
916 471 963 511 res
984 472 1020 511 ac
1040 452 1204 530 perieulum

258 556 411 599 commune
426 537 511 615 cogit,
526 535 602 611 quod
616 536 740 614 quisque
754 533 841 611 possit
854 533 885 589 in
900 552 931 591 re
944 531 1057 609 trepida
1071 536 1205 610 praesidii,

259 620 289 677 in
313 618 441 675 medium
466 614 608 673 conferre.
661 614 702 672 Et
725 612 841 690 quando
862 630 916 690 ego
940 612 1021 669 vobis
1044 631 1095 689 pro
1118 616 1207 673 tantis

259 699 363 756 vestris
377 698 407 753 in
421 716 468 754 me
483 695 593 752 meritis
606 694 731 771 gratiam
745 689 881 760 referam,
896 692 922 748 si
935 710 1015 750 nunc
1029 695 1206 751 cessaverol

231 778 324 836 aaut
338 777 387 834 ubi
402 795 473 833 usus
487 775 542 833 erit
557 774 614 830 mei
628 773 718 841 vobis,
733 772 758 829 si
779 772 810 828 in
825 771 900 827 bello
914 788 971 828 non
986 769 1097 829 fueriti
1138 772 1207 831 Hac

261 866 322 914 arte
344 857 374 913 in
394 856 488 933 patria
501 853 575 923 steti,
590 862 619 912 et
638 852 766 909 invictus
786 850 863 907 bello
883 851 913 907 in
935 869 1007 926 pace
1028 851 1065 908 ab
1085 852 1208 929 ingratis

260 936 375 994 civibus
402 934 504 1011 pulsus
532 951 607 990 sum.
663 930 754 988 Vobis
782 940 888 999 autem,
914 929 1068 1000 Ardeates,
1092 930 1206 990 fortuna

189 1006 194 1013 “
259 1014 356 1072 oblata
370 1023 414 1072 est
432 1023 459 1071 et
474 1031 525 1089 pro
538 1012 625 1069 tantis
639 1010 767 1087 pristinis
787 1007 888 1086 populi
902 1008 1028 1067 Romani
1048 1009 1207 1081 beneficiis,

261 1102 370 1169 quanta
391 1094 445 1169 ipsi
459 1091 725 1149 meministis-nec
751 1090 830 1146 enim
850 1088 1050 1165 exprobranda
1071 1108 1108 1146 ea
1131 1088 1208 1165 apud
1301 1088 1308 1093 “

216 1174 253 1234 10
262 1190 403 1230 memores
427 1171 646 1246 sunt,-gratiae
673 1166 842 1238 referendae,
871 1178 901 1225 et
927 1167 997 1225 huic
1025 1168 1090 1225 urbi
1118 1168 1209 1226 decus

224 1304 228 1309 ,
261 1252 364 1327 ingens
392 1250 461 1308 belli
488 1268 525 1307 ex
552 1250 631 1308 hoste
655 1247 803 1306 communi
832 1246 973 1324 pariendi.
1028 1245 1090 1313 Qui
1117 1246 1209 1305 effuso

165 1336 172 1341 '
200 1374 208 1395 .
263 1331 378 1407 agmine
393 1329 558 1399 adventant,
572 1346 645 1405 gens
659 1337 703 1385 est
716 1328 766 1384 cui
786 1336 892 1383 natura
905 1343 1026 1403 corpora
1041 1326 1209 1405 animosque

262 1428 370 1487 magna
390 1410 484 1486 magis
504 1426 594 1485 quam
614 1407 699 1464 firma
719 1404 847 1463 dederit:
868 1424 903 1462 eo
919 1406 950 1461 in
964 1414 1112 1463 certamen
1124 1424 1209 1463 omne

263 1488 329 1565 plus
343 1489 468 1558 terroris
484 1505 572 1564 quam
587 1487 704 1556 virium,
720 1484 826 1542 ferunt.
866 1484 1050 1561 Argumento
1061 1485 1098 1541 sit
1112 1484 1210 1543 clades

218 1567 413 1629 15Romana:
440 1576 584 1645 patentem
605 1584 709 1642 cepere
731 1564 842 1634 urbem,
864 1582 902 1621 ex
923 1581 990 1621 aree
1011 1563 1210 1641 Capitolioque

264 1647 309 1705 his
333 1648 442 1723 exigua
464 1645 608 1703 resistitur
630 1662 729 1701 manu.
771 1640 839 1699 Jam
862 1642 1017 1701 obsidionis
1037 1642 1120 1700 taedio
1140 1643 1211 1701 victi

265 1725 432 1795 abscedunt,
455 1725 581 1801 vagique
612 1742 664 1799 per
697 1740 781 1799 agros
808 1721 961 1798 palantur:
993 1722 1058 1779 cibo
1085 1723 1210 1799 vinoque

264 1805 368 1881 raptim
382 1803 485 1861 hausto
496 1801 608 1879 repleti,
618 1802 667 1858 ubi
678 1820 735 1858 nox
747 1802 862 1877 appetit,
873 1819 960 1878 prope
970 1801 1048 1859 rivos
1057 1820 1210 1878 aquarum,

239 1946 241 1951 ,
265 1883 327 1940 sine
341 1883 529 1951 munimento,
544 1881 607 1938 sine
621 1881 790 1939 stationibus
804 1899 840 1937 ac
854 1880 1000 1950 custodiis,
1016 1882 1123 1957 passim
1137 1879 1200 1938 fera

216 1966 256 2021 20
266 1980 331 2019 rum
346 1962 404 2019 ritu
422 1969 600 2030 sternuntur,
615 1962 695 2018 nunc
709 1960 746 2017 ab
763 1958 900 2016 secundis
914 1960 1002 2016 rebus
1016 1961 1110 2037 magis
1124 1961 1211 2017 etiam

264 2041 347 2099 solito
361 2040 480 2099 incauti.
523 2040 555 2097 si
575 2040 655 2097 vobis
676 2040 707 2095 in
722 2038 817 2096 animo
831 2048 874 2096 est
892 2039 968 2096 tueri
983 2040 1091 2096 moenia
1105 2049 1211 2111 vestra,

264 2138 320 2178 nec
344 2121 403 2197 pati
427 2120 491 2178 haec
514 2119 611 2176 omnia
632 2118 762 2177 Galliam
782 2118 856 2187 fieri,
878 2119 972 2195 prima
993 2118 1095 2195 vigilia
1116 2120 1212 2196 capite

265 2217 347 2255 arma
361 2198 535 2275 frequentes,
547 2217 593 2255 me
604 2197 760 2273 sequimini
771 2196 807 2253 ad
821 2196 940 2267 caedem,
950 2216 1008 2255 non
1018 2197 1053 2254 ad
1068 2204 1211 2275 pugnamt
1267 2266 1270 2270 ,

265 2278 321 2334 nisi
335 2278 446 2335 vinctos
467 2295 574 2346 somno,
596 2277 677 2333 velut
698 2275 834 2353 pecudes,
855 2275 1041 2334 trucidandos
1058 2276 1211 2349 tradidero,

216 2362 256 2415 25
265 2374 334 2413 non·
344 2374 447 2413 recuso
462 2354 586 2413 eundem
601 2355 709 2412 Ardeae
723 2374 822 2412 rerum
843 2374 976 2413 mearum
990 2357 1109 2425 exitum,
1124 2375 1212 2432 quem

267 2434 367 2493 Romae
377 2434 500 2493 habui.'’
536 2433 632 2493 XLV.
654 2434 760 2511 AEquis
774 2435 939 2511 iniquisque
954 2453 1125 2512 persuasum
1139 2445 1211 2506 eret,

265 2525 380 2573 tanturn
394 2514 470 2572 bello
484 2514 581 2572 virum
594 2514 740 2571 neminem
755 2532 879 2589 usquam
894 2533 930 2570 ea
944 2522 1112 2590 tempestate
1132 2534 1212 2572 esse:

266 2594 404 2652 concione
413 2594 540 2665 dimissa,
551 2611 668 2670 corpora
678 2603 792 2662 curant,
802 2594 912 2663 intenti,
923 2611 1011 2668 quam
1021 2611 1087 2650 mox
1094 2594 1213 2671 signum

266 2673 400 2731 daretur:
422 2692 480 2750 quo
493 2673 567 2743 data,
582 2674 683 2750 primae
697 2672 810 2729 silentio
824 2673 916 2729 noctis
930 2671 965 2729 ad
980 2681 1076 2748 portus
1089 2672 1213 2731 Camillo

221 2757 257 2813 30
267 2763 369 2831 praesto
380 2752 472 2810 suere.
503 2752 633 2828 Egressi,
649 2750 727 2809 haud
741 2750 842 2827 procul
858 2750 938 2821 urbe,
953 2752 1029 2810 sicut
1043 2752 1214 2827 praedictum

266 2842 338 2901 erat,
364 2841 461 2889 castra
485 2830 646 2899 Gallorum,
661 2831 755 2887 intuta
776 2829 968 2907 neglectaque
989 2830 1027 2887 ab
1040 2832 1118 2888 omni
1132 2840 1213 2908 parte

266 2911 354 2979 nach,
369 2928 438 2967 cum
455 2910 565 2986 ingenti
579 2909 708 2966 clamore
722 2909 879 2966 invadunt:
901 2927 1046 2985 nusquam
1065 2910 1212 2986 proelium,

266 2989 399 3047 omnibus
424 2987 494 3045 locis
515 2987 610 3046 caedes
630 2996 691 3045 est:
723 2987 803 3045 nuda
816 3005 938 3065 corpora
950 2998 979 3046 et
999 2988 1094 3046 solute
1113 3008 1214 3047 somno

267 3067 460 3125 trucidantur.
515 3066 670 3125 Extremas
697 3076 795 3124 tamen
823 3086 952 3144 pavore
979 3067 1125 3125 cubilibus
1152 3067 1214 3125 suis

219 3147 483 3223 35excitos-quae
500 3155 552 3204 aut
570 3145 647 3204 unde
671 3146 717 3203 vis
740 3157 825 3217 esset,
850 3147 1037 3224 ignaros-in
1060 3145 1161 3225 sugam
1185 3155 1214 3204 et

267 3226 406 3304 quosdam
428 3228 458 3283 in
479 3227 588 3283 hostem
608 3227 704 3302 ipsum
724 3226 898 3302 improvidos
918 3227 1001 3284 tulit:
1025 3245 1132 3303 magua
1146 3244 1215 3302 pars

268 3308 297 3364 in
326 3325 431 3384 agrum
459 3306 608 3364 Antiatem
636 3305 733 3375 delati,
759 3306 925 3364 incursione
950 3306 987 3364 ab
1010 3305 1160 3382 oppidanis
1184 3306 1215 3361 in

268 3382 379 3464 p'alatos
400 3386 485 3455 facta,
507 3386 787 3443 circumveniuntur.
830 3384 941 3443 Similis
961 3385 991 3442 in
1012 3404 1083 3462 agro
1096 3383 1215 3442 Veienti

268 3466 434 3523 Tuscorum
449 3464 526 3524 facta
539 3474 651 3542 strages
664 3474 716 3535 est,
731 3465 782 3539 qui
797 3465 887 3535 urbis,
899 3465 962 3541 jam
976 3482 1063 3541 prope
1077 3463 1215 3539 quadrin-

222 3547 460 3623 lOgentesimum
482 3563 591 3602 annum
611 3544 725 3614 vieinae,
748 3562 891 3619 oppressae
912 3544 948 3601 ab
969 3544 1048 3601 hoste
1070 3543 1219 3623 invisitato]

267 3625 405 3695 inaudito,
422 3624 492 3681 adeo
507 3623 578 3682 nihil
594 3624 714 3681 miseriti
727 3633 803 3692 sunt,
819 3632 851 3680 ut
871 3624 902 3679 in
923 3641 1027 3699 agrum
1049 3619 1218 3698 Romanum

268 3722 303 3760 eo
327 3712 455 3780 tempore
479 3704 659 3760 incursiones
680 3701 819 3771 facerent,
841 3702 977 3779 plenique
998 3701 1104 3778 praedae
1126 3701 1217 3759 Veios

268 3781 356 3838 etiam
370 3780 593 3858 praesidiumque
608 3790 636 3839 et
655 3800 735 3858 spem
750 3780 883 3838 ultimam
897 3780 1022 3839 Romani
1037 3781 1172 3852 nominis,
1185 3781 1216 3838 in

269 3859 366 3915 animo
379 3859 533 3917 habuerint
546 3878 723 3937 oppugnare.
745 3858 890 3918 Viderant
901 3859 1065 3918 eoamilites
1079 3859 1215 3932 Romani,
1261 3937 1264 3943 Ι
