2717 4292
203 240 262 301 138
356 294 358 299 .
618 254 677 296 τιτι
697 253 770 295 airu

245 396 352 456 menta,
377 382 522 463 elephanti
541 404 656 462 quoque
679 404 716 443 ex
736 385 781 455 iis,
802 383 854 461 qni
875 380 979 463 proelio
993 382 1030 441 ad
1050 382 1194 443 Trebiam

246 464 322 524 iacto
335 464 547 541 superfuerant,
562 475 672 541 septem
686 464 839 542 absumpti.

187 567 191 578 =
284 543 365 602 LIX.
388 543 545 621 Digressus
563 544 720 620 Apennino
740 554 816 601 rotro
836 542 872 600 ad
894 542 1074 600 Placentiam
1095 551 1192 602 castra

194 599 221 651 K
245 626 342 694 movit,
364 633 393 681 et
417 623 453 679 ad
473 622 575 680 decem
596 623 689 679 millia
713 640 882 699 progressus
902 621 1049 680 consedit:
1078 632 1192 699 postero

216 704 291 760 bdie
311 703 463 760 duodecim
483 702 576 759 millia
597 702 734 781 peditum,
749 702 877 778 quinque
893 702 1025 778 equitum
1050 701 1192 760 adversus

244 782 355 841 hostem
369 782 459 839 ducit.
502 781 533 839 N
535 801 569 839 ec
589 781 778 857 Sempronius
792 780 994 855 consul-jam
1007 780 1085 837 euim
1099 781 1191 838 redie-

245 872 297 924 rat,
315 863 351 919 ab
374 860 678 918 Roma-detractavit
702 870 867 917 certamen:
896 869 983 935 atque
1004 878 1040 917 eo
1061 858 1107 916 die
1133 859 1191 918 tria

245 941 339 998 millia
365 959 503 1017 passuum
531 940 605 997 inter
633 940 701 996 bina
728 949 825 997 castra
850 936 943 996 fuere.
998 937 1116 995 Postero
1144 939 1191 997 dia
1298 932 1311 950 ⁸
1348 925 1349 940 ¹

245 1019 410 1097 ingentibus
431 1020 543 1089 animis,
566 1019 647 1076 vario
671 1027 786 1088 eventu,
802 1027 964 1095 pugnatum
988 1027 1041 1074 est.
1091 1017 1191 1076 Primo

198 1099 235 1154 1⁰
245 1117 390 1157 concursu
415 1097 486 1155 adeo
510 1114 557 1155 res
581 1097 714 1155 Romana
737 1098 868 1174 superior
893 1095 956 1167 fuit,
982 1106 1014 1154 ut
1040 1114 1097 1153 non
1126 1098 1191 1156 acie

245 1178 395 1235 vincerent
408 1177 511 1247 solum,
523 1176 573 1234 sed
587 1176 686 1259 pulsos
706 1176 801 1233 hostes
820 1176 851 1232 in
867 1185 964 1233 castra
982 1193 1190 1252 persequeren-

244 1264 302 1326 tur,
325 1274 391 1312 mox
405 1266 501 1314 castra
522 1275 638 1332 quoque„
650 1265 861 1334 oppugnarent.
903 1253 1062 1333 Hannibal,
1087 1256 1191 1331 paucis
1264 1290 1267 1293 ·
1349 1261 1350 1292 ἱ

245 1336 504 1412 propugnatoribus
515 1336 545 1391 in
554 1336 630 1393 vallo
644 1335 788 1411 portisque
802 1334 911 1409 positis,
920 1344 1032 1391 ceteros
1046 1333 1191 1392 confertos

245 1415 379 1471 inmedia
388 1424 483 1491 castra
492 1414 608 1490 recepit,
618 1414 797 1489 intentosque
806 1414 922 1489 signum
931 1412 968 1471 ad
978 1413 1190 1489 erumpendum

198 1493 377 1570 respectare
397 1493 491 1569 jubet.
543 1492 609 1550 Jam
633 1511 710 1549 nona
734 1490 824 1549 ferme
846 1492 903 1549 diei
927 1492 999 1549 hora
1023 1502 1095 1561 erat,
1120 1511 1190 1549 cum

246 1572 404 1642 Romanus,
420 1572 616 1648 nequidquam
627 1569 746 1648 fatigato
756 1571 857 1641 milite,
869 1581 1019 1647 postquam
1029 1571 1113 1628 nulla
1123 1591 1191 1649 spes

245 1663 308 1710 erat
328 1651 457 1728 potiundi
478 1652 589 1720 castris,
611 1652 728 1727 signum
748 1652 877 1727 receptui
897 1650 984 1707 dedit.
1035 1650 1123 1715 Quod
1140 1652 1191 1708 ubi
1253 1695 1264 1715 ,

245 1729 391 1788 Hannibal
414 1731 533 1805 accepit,
547 1730 731 1804 laxatamque
751 1748 879 1806 pugnam
892 1739 920 1787 et
939 1748 1088 1787 recessum
1110 1750 1189 1788 aca-

245 1810 311 1866 stris
325 1809 403 1878 vidit,
419 1808 560 1885 extemplo
581 1809 726 1884 equitibus
746 1809 848 1867 dextra
868 1809 1001 1884 laevaque
1021 1810 1136 1867 emissis
1159 1810 1191 1866 in

197 1888 365 1959 achostem,
386 1889 447 1965 ipse
468 1907 536 1946 cum
561 1888 690 1964 peditum
710 1889 811 1945 robore
831 1887 933 1945 mediis
955 1890 1059 1946 castris
1083 1890 1190 1965 erupit.

246 1966 349 2045 Pugna
370 1986 435 2025 raro
455 1969 549 2045 magis
569 1968 631 2025 ulla
659 1986 696 2024 ea
716 1978 745 2026 et
776 1968 928 2043 utriusque
949 1968 1039 2044 partis
1059 1969 1191 2044 pernicie

245 2047 353 2105 clarior
375 2046 484 2117 fuisset,
509 2048 534 2105 si
558 2047 672 2105 extendi
695 2066 759 2104 eam
783 2046 897 2104 diesin
921 2047 1041 2123 longum
1061 2048 1190 2123 spatium

244 2127 374 2185 sivisset:
395 2146 452 2185 nox
473 2146 629 2185 accensum
649 2126 815 2203 ingentibus
835 2126 940 2183 animis
959 2126 1096 2202 proelium
1115 2127 1190 2185 dire·

246 2207 307 2262 mit.
348 2205 449 2281 Itaque
464 2207 560 2263 aerior
573 2224 734 2263 concursus
749 2204 804 2263 fuit
823 2224 911 2280 quam
926 2205 1022 2263 coedes
1031 2226 1040 2279 ;
1060 2215 1093 2282 et
1113 2208 1191 2265 sicut

196 2283 359 2359 25aequata
383 2283 474 2342 ferme
499 2304 597 2362 pugna
621 2295 692 2355 erat,
713 2286 754 2342 ita
773 2284 856 2342 clade
877 2286 940 2361 pari
958 2285 1121 2343 discessum
1135 2297 1189 2344 est.

246 2363 295 2420 Ab
319 2372 424 2421 neutra
448 2374 529 2440 parte
553 2365 697 2421 sexcentis
721 2364 787 2441 plus
811 2364 962 2440 peditibus,
985 2374 1014 2422 et
1037 2364 1191 2423 dimidium
1217 2435 1221 2440 ν

245 2442 309 2518 ejus
323 2443 455 2518 equitum
467 2443 588 2501 cecidit:
610 2443 661 2501 sed
682 2444 774 2519 major
794 2441 933 2501 Romanis
953 2462 1042 2519 quam
1064 2463 1115 2520 pro
1135 2463 1189 2501 nu-

245 2540 325 2580 mero
342 2523 460 2598 jactura
474 2521 536 2592 suit,
551 2524 620 2598 quia
634 2524 776 2599 equestris
789 2521 897 2580 ordinis
912 2523 1020 2598 aliquot
1034 2532 1062 2580 et
1080 2524 1190 2582 tribuni

245 2602 370 2661 rnilitum
384 2603 511 2678 quinque
526 2612 555 2660 et
568 2601 697 2679 praefecti
711 2603 854 2660 sociorum
867 2611 926 2659 tres
945 2611 1012 2659 sunt
1032 2601 1187 2660 interiecti.

196 2684 235 2740 8⁰
245 2681 414 2739 Secundum
428 2701 493 2739 eam
504 2701 632 2759 pugnam
646 2681 794 2739 Hannibal
805 2682 837 2737 in
850 2680 985 2757 Ligures,
1001 2681 1191 2758 Sempronius

244 2758 360 2819 Lucam
381 2762 533 2819 concessit.
586 2761 723 2818 Venienti
746 2762 776 2817 in
800 2759 926 2837 Ligures
950 2759 1111 2817 Hannibali
1138 2780 1191 2838 per

244 2839 364 2897 insidias
393 2839 544 2916 intercepti
559 2839 632 2897 duo
662 2850 818 2915 quaestores
846 2838 978 2910 Romani,
1000 2839 1035 2897 C.
1064 2840 1191 2899 Fulvius

244 2927 274 2974 et
295 2917 331 2975 L.
352 2917 516 2988 Lueretius,
539 2937 607 2975 oum
627 2917 739 2977 duobus
758 2919 882 2976 tribunis
905 2918 1029 2976 militum
1053 2930 1082 2977 et
1105 2921 1191 2995 quin,

244 3014 301 3071 que
315 2998 457 3071 equestris
475 2997 582 3054 ordinis
600 3008 765 3056 senatorum
786 2996 876 3055 ferme
894 2997 1075 3075 liberisque
1096 2999 1190 3076 magis

197 3078 338 3211 quatam
366 3074 426 3133 fore
440 3094 522 3161 ¹oum
545 3077 582 3134 iis
605 3080 709 3153 pacem
729 3077 951 3153 societatemque
971 3076 1112 3148 crederet,
1131 3094 1189 3136 tra·

265 3164 363 3212 untur.

285 3233 352 3292 LX.
375 3232 454 3292 Dum
468 3236 531 3293 haeo
545 3236 575 3292 in
591 3234 675 3293 Italia
689 3245 839 3313 geruntur,
855 3235 909 3293 Cn.
925 3235 1079 3294 Cornelius
1093 3236 1191 3314 Scipio

245 3314 276 3370 in
290 3314 468 3390 Hispaniam,
477 3334 545 3372 eum
560 3316 655 3373 classe
669 3324 697 3372 et
711 3316 841 3372 exercitu
855 3317 969 3384 missus,
985 3335 1055 3372 oum
1069 3317 1106 3373 ab
1120 3318 1191 3374 ostio

247 3392 379 3451 Rhodani
390 3393 536 3471 profectus
544 3393 756 3470 Pyrenaeosque
766 3405 876 3451 montes
883 3394 1109 3464 circumvectus,
1121 3395 1190 3453 Em-

198 3469 334 3549 40poriis
358 3474 515 3550 appulisset
536 3473 668 3543 classem,
692 3475 819 3549 exposito
842 3474 882 3529 ibi
904 3474 1045 3542 exercitu,
1063 3493 1152 3547 orsus
1174 3493 1191 3531 a

245 3551 413 3622 Lacetanis,
424 3572 539 3610 omnem
559 3570 640 3612 oram
655 3572 746 3627 usque
761 3551 797 3609 ad
818 3551 935 3609 iberum
956 3553 1074 3621 flumen,
1087 3554 1191 3629 partim

246 3632 418 3689 renovandis
432 3632 614 3689 societatibus
629 3633 732 3708 partim
745 3631 828 3687 novis
843 3630 1035 3701 instituendis,
1051 3632 1192 3689 Romauae

246 3709 361 3767 ditionis
384 3709 462 3767 fecit.
510 3709 581 3767 lnde
605 3710 761 3767 conciliata
782 3710 946 3769 clementia
970 3707 1050 3768 lama
1073 3730 1131 3769 nou
1156 3709 1195 3769 ad

247 3788 405 3864 maritimos
419 3787 501 3846 modo
521 3788 649 3866 populos,
663 3788 715 3846 sed
735 3788 765 3845 in
786 3788 1004 3847 mediterraneis
1023 3808 1140 3867 quoque
1157 3807 1193 3847 ae
