2717 4292
454 341 541 382 masa
561 342 623 382 xxi.
665 344 731 383 cnr.
748 345 789 397 vr,
807 344 859 385 vu.
1103 338 1143 399 99

152 488 238 529 suam
252 470 348 547 ripam
362 469 449 529 tutior
464 470 527 543 fuit,
539 490 575 531 ex
587 474 670 531 varia
683 474 870 551 trepidatione
879 495 948 534 oum
961 477 993 535 in
1007 496 1101 539 unum

150 546 556 628 colligerentur,'priusquam
579 561 657 610 tanto
671 572 777 629 pavore
796 555 958 632 reciperent
978 558 1098 629 animos,

151 628 313 699 Hannibal,
330 630 446 707 agmine
467 631 607 707 quadrato
627 650 742 689 amnem
765 634 922 709 ingressus,
948 633 1048 713 fugam
1061 657 1098 697 ex

151 709 215 785 ripa
230 706 308 780 fecit,
325 710 500 786 vastatisque
515 712 601 787 agris,
616 712 693 769 intra
711 731 820 789 paucos
840 712 901 771 dies
921 714 1098 792 Carpetanos

150 805 267 864 quoque
282 788 313 845 in
324 786 496 845 deditionem
511 791 631 867 accepit.
1107 801 1126 854 5

191 866 232 925 Et
252 867 317 943 jam
345 868 442 924 omnia
462 880 542 925 trans
561 868 677 927 Iberum
699 872 803 946 praeter
824 872 999 949 Saguntinos
1026 873 1095 933 Car-

149 945 378 1023 thaginiensium
402 957 494 1005 erant.
549 947 602 1006 Vl.
625 948 701 1006 Cum
721 950 890 1026 Saguntinis
905 952 1013 1009 bellum
1027 972 1095 1013 non-

148 1024 222 1082 dum
235 1035 306 1096 erat,
316 1036 446 1091 ceterum
457 1026 519 1101 jam
533 1027 601 1085 belli
615 1047 706 1085 causa
714 1031 874 1087 certamina
884 1049 953 1089 cum
966 1032 1096 1092 finitimis·

148 1105 332 1175 serebantur,
357 1106 483 1163 maxime
507 1106 694 1165 Turdetanis.
749 1107 958 1174 Quibuscum
982 1110 1095 1171 adesset

147 1182 235 1254 idem,
261 1186 312 1260 qui
334 1184 392 1242 litis
415 1193 478 1242 erat
501 1194 586 1255 sator,
609 1205 665 1245 neo
688 1197 838 1245 certamen
855 1190 941 1265 juris,
962 1190 1013 1248 sed
1033 1192 1093 1249 vim
1106 1196 1142 1251 10

148 1264 242 1338 quaeri
256 1273 417 1341 appareret,
433 1264 521 1342 legati
542 1285 560 1322 a
574 1266 743 1343 Saguntinis
757 1266 881 1325 Romam
901 1269 991 1340 missi,
1011 1272 1092 1329 auxi·

148 1341 222 1399 lium
237 1342 274 1400 ad
295 1343 402 1401 bellum
415 1343 478 1419 jam
491 1344 571 1401 haud
585 1343 671 1403 dubie
686 1346 840 1403 imminens
853 1358 977 1405 orantes.
1004 1349 1091 1407 -Con-
1164 1376 1168 1381 ⁴

148 1420 228 1481 sulas
247 1431 320 1481 tuno
341 1422 442 1481 Romae
455 1432 539 1481 erant
559 1423 595 1480 P.
607 1423 761 1481 Comalius
775 1424 872 1501 Scipio
885 1435 914 1483 et
928 1426 995 1483 Tib.
1011 1427 1092 1485 Sem·

146 1502 267 1577 pronius
281 1500 419 1580 Longus:
440 1502 491 1577 qui
505 1520 584 1572 cum,
592 1502 703 1579 legatis
723 1503 753 1560 in
766 1513 900 1561 senatum
913 1504 1091 1577 introductis,

147 1578 184 1637 de
208 1581 360 1656 republica
384 1582 558 1652 retulissent,
583 1582 800 1659 placuissetque
826 1583 900 1640 mitti
928 1583 1038 1661 legatos
1061 1586 1141 1644 inin

147 1656 322 1735 Hispaniam
336 1660 373 1717 ad
387 1679 434 1718 res
448 1662 592 1718 sociorum
606 1662 808 1738 inspiciendas,
823 1663 929 1738 quibus
942 1664 967 1719 si
982 1661 1091 1722 videro-

146 1747 195 1795 tur
207 1738 298 1816 digna
311 1759 410 1811 causa,
425 1750 454 1797 et
474 1739 634 1798 Hannibali
648 1741 859 1810 denuntiarent,
875 1749 908 1798 ut
926 1742 964 1799 ab
977 1742 1091 1820 Sagun-

147 1817 223 1888 tinis,
243 1820 330 1881 sociis
344 1819 442 1896 populi
463 1819 596 1889 Romani,
612 1819 776 1889 abstineret,
791 1828 820 1877 et
840 1820 1046 1899 Carthaginem
1059 1823 1091 1881 iu

147 1895 284 1956 Africam
298 1900 466 1974 trajicerent
480 1918 515 1957 ac
530 1900 673 1958 sociorum
688 1900 785 1975 populi
802 1899 926 1958 Romani
947 1902 1090 1976 querimo-

145 1977 210 2033 nias
238 1976 490 2048 deferrent—hac
518 1978 661 2054 legatione
689 1978 805 2036 decreta
831 1979 957 2037 necdum
992 1982 1088 2052 missa,
1099 1983 1140 2039 20
1239 2012 1242 2017 ·

145 2056 276 2113 omnium
295 2076 346 2133 spe
370 2058 497 2115 celerius
518 2056 682 2135 Saguntum
703 2058 865 2135 oppugnari
888 2058 1011 2116 allatum
1034 2069 1088 2117 ast.

145 2133 235 2193 Tunc
250 2135 342 2193 relata
356 2135 391 2195 de
405 2138 516 2214 integro
530 2155 577 2193 res
591 2137 627 2194 ad
636 2146 788 2209 senatum3
812 2145 841 2194 et
852 2137 911 2207 alii,
926 2139 1090 2214 provincias

144 2214 314 2273 oonsulibus
338 2214 511 2292 Hispaniam
535 2224 622 2291 atque
637 2215 772 2273 Africam
792 2215 990 2288 decernentes,
1011 2228 1090 2275 terra

144 2294 278 2369 marique
288 2313 350 2352 ram
360 2295 518 2371 gerendam
527 2295 692 2365 censebant,
703 2295 753 2352 alii
767 2305 857 2353 totum
872 2296 901 2353 in
916 2296 1088 2373 Hispaniam

145 2371 400 2449 Hannibalemque
420 2374 602 2431 intenderant
622 2374 741 2432 bellum.
784 2374 886 2445 Erant,
901 2376 952 2452 qui
972 2394 1029 2434 non
1047 2382 1137 2435 te-‘ao

145 2470 223 2509 mere
234 2452 407 2510 movendam
418 2472 480 2511 rem
494 2463 612 2522 tantam,
624 2454 887 2529 exspectandosque
898 2474 934 2511 ex
944 2454 1088 2531 Hispania

144 2530 257 2609 legatos
281 2542 441 2591 censerent.
491 2532 565 2591 Haec
583 2533 734 2601 sententia,
757 2550 822 2607 quae
845 2533 989 2590 tutissima
1010 2533 1087 2590 vide·
1161 2595 1163 2600 ,

146 2608 240 2681 batur,
264 2612 352 2669 vicit:
383 2611 528 2689 legatique
554 2631 588 2669 eo
613 2611 755 2667 maturius
779 2610 868 2679 missi,
893 2609 927 2666 P.
949 2610 1089 2668 Valerius

144 2688 275 2748 Flaccus
289 2700 316 2748 et
339 2690 378 2756 Q.
394 2690 511 2749 Baebius
532 2689 714 2766 Tamphilus,
730 2689 894 2765 Saguntum
916 2688 952 2745 ad
976 2688 1087 2746 Hanni-

144 2767 240 2826 balem
255 2779 343 2846 atque
363 2769 430 2827 inde
451 2770 666 2847 Carthaginem,
682 2769 707 2825 si
726 2786 783 2825 non
804 2768 989 2825 absisteretur
1003 2768 1087 2839 bello,
1098 2772 1137 2828 30

145 2847 181 2904 ad
195 2846 302 2907 ducem
316 2850 411 2926 ipsum
426 2849 456 2907 in
470 2868 586 2926 poenam
601 2848 720 2906 soederis
734 2848 811 2924 rupti
825 2847 1046 2924 deposcendum.

183 2926 253 2986 Vll.
275 2926 356 2986 Dum
365 2946 400 2986 ea
411 2928 536 2987 Romani
550 2937 654 3005 parant
668 2927 897 3003 consultantque,
903 2926 965 3003 jam
974 2927 1087 3005 Sagun-

145 3015 206 3064 tum
216 3025 334 3065 summa
344 3008 373 3066 vi
383 3008 612 3085 oppugnabatur.
628 3007 754 3065 Civitas
763 3026 799 3065 ea
813 3007 898 3084 longe
908 3007 1087 3084 opulentissi-

145 3104 193 3143 ma
204 3086 283 3144 ultra
297 3084 414 3145 Iberum
429 3086 492 3160 fuit,
502 3086 557 3155 sita
570 3105 673 3164 passus
687 3087 766 3144 mille
778 3085 868 3144 ferme
883 3106 901 3144 a
915 3088 999 3143 mari.
1022 3086 1089 3145 Ori·

146 3165 214 3221 undi
226 3184 245 3223 a
258 3164 411 3242 Zacyntho
425 3166 522 3223 insula
532 3164 677 3237 dicuntur,
688 3166 827 3242 mixtique
836 3166 923 3224 etiam
938 3167 974 3223 ab
989 3166 1089 3224 Ardea
1098 3171 1136 3227 35

146 3243 323 3302 Rutulorum
350 3246 468 3322 quidam
495 3246 627 3323 generis:
665 3256 797 3304 ceterum
828 3246 858 3302 in
885 3254 980 3303 tantas
1007 3245 1088 3302 brevi

145 3334 299 3382 oraverant
320 3344 388 3401 opas
402 3344 455 3383 seu
476 3326 627 3383 maritimis
651 3344 705 3383 seu
728 3324 912 3383 terrestribus
936 3322 1087 3393 fructibus,

145 3421 198 3461 seu
212 3404 406 3463 multitudinis
420 3405 598 3463 incremento
612 3424 664 3463 seu
679 3403 840 3480 disciplinae
854 3403 1014 3470 sanctitate,
1028 3419 1088 3476 qua

145 3481 231 3555 iidem
245 3484 385 3543 socialem
399 3483 539 3561 usquead
553 3484 712 3561 perniciem
726 3501 809 3541 suam
824 3481 985 3563 coluerunt.
1008 3479 1087 3537 Han-

145 3562 224 3619 nibal
247 3561 351 3621 infesto
365 3564 495 3621 exercitu
517 3564 666 3641 ingressus
686 3563 768 3631 fines,
791 3561 961 3637 pervastatis
981 3559 1088 3635 passim
1097 3564 1136 3621 4⁰

145 3643 232 3717 agris,
249 3642 352 3700 urbem
366 3644 506 3720 tripertito
519 3642 697 3720 aggreditur.
740 3639 878 3717 Angulus
892 3639 968 3695 muri
982 3638 1088 3695 eratin

146 3720 305 3797 planiorem
341 3723 594 3800 patentioremque,
622 3739 711 3798 quam
738 3730 837 3777 catera
863 3718 953 3789 circa,
981 3717 1089 3775 vallem

147 3816 288 3878 vergens:
311 3801 450 3860 adversus
470 3820 539 3860 eum
553 3801 654 3859 vineas
674 3818 762 3877 agere
787 3798 917 3868 instituit,
940 3814 992 3876 per
1015 3815 1089 3875 quas

146 3880 222 3937 aries
244 3881 392 3941 moenibus
416 3880 562 3941 admoveri
583 3888 687 3958 posset.
739 3877 797 3937 Sed
825 3887 858 3937 ut
884 3878 967 3937 locus
991 3878 1097 3957 procul
