2717 4292
428 269 515 310 amaa
532 270 595 311 xxi.
634 271 701 311 car.
715 271 804 325 xvm,
820 272 883 313 ω.
1114 256 1171 321 107

220 398 333 462 XVIII.
356 398 412 459 His
425 398 466 458 ita
479 402 662 479 comparatis,
678 413 711 461 ut
723 402 821 461 omnia
836 402 918 481 justa
931 415 998 464 anta
1016 403 1128 465 bellum

179 480 291 551 fierent,
307 480 419 558 legatos
439 480 564 557 majores
584 492 664 552 natu,
679 482 719 549 Q.
734 482 870 553 Fabium,
885 483 927 541 M.
943 483 1074 557 Livium,
1088 485 1126 546 L.

178 560 344 630 AEmilium
359 558 394 618 C.
411 558 571 632 Licinium,
586 560 625 627 Q.
648 561 791 633 Baebium,
806 563 836 621 in
855 562 991 623 Africam
1011 566 1129 626 mittunt

179 639 215 698 ad
231 638 463 717 percunctandos
473 638 737 718 Carthaginienses,
748 642 903 718 publicone
917 645 1037 704 oonsilio
1047 645 1128 704 Han·

178 718 259 777 nibal
282 719 447 796 Saguntum
469 731 671 797 oppugnasset,
686 732 716 780 et
733 723 768 793 si,
782 721 812 779 id
830 722 907 799 quod
930 723 1036 782 facturi
1048 725 1128 784 aide·
1157 728 1178 784 5

179 798 296 869 bantur,
312 798 473 857 faterentur
487 819 522 857 ac
536 799 723 859 defenderent
743 802 861 879 publico
873 803 994 863 consilio
1007 803 1128 875 factum,
1240 823 1246 831 '

180 889 213 936 ut
241 878 403 936 indicerent
429 878 534 955 populo
565 878 800 958 Carthaginiensi
827 881 948 939 bellum.
1003 883 1130 943 Romani

180 967 333 1035 postquam
347 957 555 1035 Carthaginem
566 970 719 1031 venerunt,
730 980 800 1019 eum
813 972 933 1020 senatus
945 962 1031 1022 datus
1043 974 1129 1034 esset,

180 1046 211 1095 et
235 1037 274 1104 Q.
297 1036 409 1095 Fabius
430 1037 503 1095 nihil
527 1038 714 1117 ultraquam
736 1060 838 1112 uuum,
860 1041 938 1116 quod
959 1043 1130 1103 mandatum

180 1126 253 1187 erat,
269 1127 476 1193 percunctatus
497 1127 581 1189 esset,
596 1128 659 1177 tum
672 1139 710 1177 ex
723 1118 1015 1199 Carthaginiensibus
1033 1141 1129 1181 uariat
1142 1125 1179 1182 10

181 1202 200 1231 “
210 1216 340 1274 praeceps
354 1206 460 1268 vestra,
475 1196 610 1269 Romani,
625 1208 655 1256 et
673 1200 751 1276 prior
765 1200 870 1278 legatio
884 1200 948 1273 fuit,
963 1221 1034 1261 cum
1046 1202 1129 1262 Han-

180 1276 310 1334 nibalem
334 1285 484 1352 tamquam
510 1296 564 1335 suo
587 1278 708 1338 consilio
729 1278 894 1357 Saguntum
915 1291 1131 1360 oppugnantem

182 1355 397 1433 deposcebatis:
428 1365 560 1415 ceterum
584 1357 648 1415 haec
671 1357 779 1435 legatio
801 1360 899 1417 verbis
921 1361 1018 1419 adhuc
1037 1361 1132 1421 lenior

181 1446 234 1507 est,
250 1454 282 1493 re
297 1437 442 1513 asperior:
463 1446 534 1494 tunc
555 1438 634 1493 enim
651 1435 800 1494 Hannibal
815 1447 845 1497 et
863 1439 1089 1498 insimulabatur
1101 1450 1132 1499 et

180 1515 400 1593 depascebatur,
415 1534 495 1573 nunc
516 1516 554 1573 ab
574 1516 657 1574 nobis
675 1526 705 1574 et
724 1515 867 1575 contemto
887 1518 983 1595 culpae
995 1519 1130 1597 exprimi·
1143 1524 1181 1580 lh

181 1604 239 1666 tur,
261 1604 299 1665 et,
322 1604 355 1653 ut
378 1615 397 1653 a
423 1594 572 1665 confessis,
593 1614 642 1653 res
665 1596 811 1673 extemplo
834 1607 1016 1674 repetuntur.
1065 1598 1132 1677 Ego

182 1687 282 1733 autem
295 1693 361 1745 non,
377 1675 488 1752 privato
502 1675 656 1752 publicone
670 1676 791 1734 consilio
805 1675 970 1753 Saguntum
984 1696 1130 1756 oppugna·

181 1764 244 1813 tum
259 1755 304 1824 sit,
320 1754 510 1831 quaerendum
523 1773 669 1825 censeam,
685 1753 736 1813 sed
757 1765 857 1814 utrum
874 1747 947 1833 jure'
957 1775 995 1813 an
1010 1757 1129 1834 injuria.

182 1834 293 1893 Nostra
314 1834 392 1892 enim
414 1834 478 1891 haec
499 1835 620 1911 quaestio
642 1844 729 1911 atque
752 1835 964 1894 animadversio
982 1837 1013 1893 in
1035 1837 1132 1896 civem

182 1924 314 1973 nostrum
327 1923 379 1985 est,
391 1913 462 1990 quid
472 1923 568 1972 nostro
582 1924 633 1972 aut
646 1934 699 1973 suo
714 1913 816 1973 lecerit
826 1916 960 1974 arbitrio:
982 1915 1132 1976 vobiscum
1140 1920 1182 1976 2⁰

182 2012 243 2053 una
266 1993 434 2069 disceptatio
458 2002 511 2064 est,
532 1992 687 2052 licueritne
711 2012 765 2071 per
787 1993 883 2053 soedus
905 1994 980 2053 fieri.
1030 1994 1131 2073 ltaque

181 2073 320 2150 quoniam
341 2072 467 2141 discerni
488 2073 593 2150 placet,
613 2073 683 2150 quid
704 2074 821 2151 publico
841 2074 971 2145 consilio,
985 2074 1056 2152 quid
1077 2093 1133 2133 sua

181 2162 283 2230 sponte
297 2153 485 2229 imperatores
500 2151 617 2225 faciant,
632 2154 715 2211 nobis
728 2153 880 2212 vobiscum
894 2152 991 2212 foedus
1004 2164 1048 2213 est
1062 2174 1080 2213 a
1093 2154 1129 2215 C.

181 2230 302 2291 Lutatio
316 2232 436 2291 consule
457 2233 557 2303 ictum,
572 2234 604 2290 in
617 2252 676 2309 quo
689 2252 760 2292 cum
772 2243 928 2293 caveretur
942 2243 1132 2313 atrommque

181 2313 279 2382 sociis,
310 2312 384 2369 nihil
411 2312 446 2370 da
482 2312 817 2391 Saguntinis-necdum
845 2315 923 2372 enim
950 2325 1033 2374 erant
1060 2315 1182 2375 socii25

182 2392 434 2451 vestri—cautum
447 2401 500 2450 est.
543 2392 586 2451 At
605 2393 684 2451 enim
698 2413 733 2451 eo
746 2393 867 2464 federe,
881 2393 958 2470 quod
972 2414 1041 2453 curn
1056 2394 1132 2453 Has·

182 2471 305 2529 drubale
332 2472 423 2531 ictam
450 2486 503 2542 est,
537 2471 694 2551 Saguntini
721 2473 919 2550 excipiuntur.
979 2474 1133 2532 Adversus

181 2551 260 2630 quod
274 2571 329 2629 ego
342 2551 415 2609 nihil
429 2550 563 2615 dicturus
575 2570 650 2622 sum,
665 2552 722 2612 nisi
736 2551 813 2627 quod
827 2571 846 2609 a
860 2552 941 2609 vobis
954 2551 1060 2610 didici:
1080 2572 1133 2610 vos

181 2632 271 2702 enim,
282 2630 359 2709 quod
372 2629 407 2690 C.
424 2630 560 2690 Lutatius
574 2630 676 2690 consul
691 2630 783 2708 primo
796 2629 948 2696 nobiscum
963 2629 1059 2688 fredus
1071 2630 1132 2701 icit,

181 2710 254 2788 quia
277 2729 372 2788 neque
397 2711 568 2771 auctoritate
593 2720 709 2788 patrum
732 2728 788 2767 neo
812 2708 911 2785 populi
931 2708 1018 2785 jussu
1041 2710 1133 2768 ictum
1144 2714 1183 2769 30

182 2800 256 2865 erat,
267 2790 396 2869 negastis
409 2810 460 2849 vos
473 2810 508 2849 eo
521 2791 632 2849 teneri:
653 2791 753 2866 itaque
767 2789 847 2847 aliud
862 2788 897 2847 de
911 2788 1024 2866 integro
1038 2788 1135 2848 foedus

182 2870 301 2949 publico
315 2870 435 2929 consilio
455 2872 547 2929 ictum
562 2879 615 2929 est.
657 2869 690 2929 Si
705 2889 756 2928 vos
769 2888 827 2927 non
846 2877 945 2927 teneat
958 2868 1071 2928 foedera
1084 2888 1133 2927 ve-

182 2960 244 3009 stra
263 2950 321 3009 nisi
341 2969 378 3008 ex
399 2951 570 3009 auctoritate
584 2960 635 3008 aut
644 2950 731 3027 jussu
745 2958 841 3008 vestro
859 2949 927 3020 icta,
942 2968 980 3008 ne
1000 2969 1053 3009 nos
1070 2950 1133 3028 qui·

182 3030 250 3088 dem
270 3028 466 3089 Hasdrubalis
487 3030 591 3101 foedus,
605 3030 682 3106 quod
702 3030 785 3090 nobis
805 3029 906 3088 insciis
926 3030 986 3102 icit,
1000 3031 1141 3110 obligare,

183 3111 286 3189 potuit.
328 3109 451 3169 Proinde
465 3110 586 3169 omittite
607 3110 730 3188 Sagunti
752 3120 839 3187 atque
860 3108 938 3168 lberi
959 3111 1183 3170 mentionem&

183 3189 294 3261 facere,
324 3199 362 3260 et,
393 3189 471 3268 quod
494 3190 544 3248 diu
567 3191 690 3268 parturit
712 3190 828 3250 animus
851 3199 956 3259 vester,
979 3190 1135 3267 aliquando

183 3268 311 3347 pariat.’'
353 3269 434 3328 Tum
455 3269 614 3341 Romanus,
629 3269 696 3329 sinu
717 3280 841 3347 extoga
862 3268 947 3339 sacto,
963 3268 1071 3339 “hic,'’
1085 3270 1133 3326 iu·

183 3351 254 3426 quit,
272 3350 380 3409 “vobis
402 3350 513 3408 bellum
535 3359 564 3408 et
585 3369 689 3428 pacem
711 3360 876 3427 portamus:
906 3360 1006 3405 utrum
1027 3348 1133 3424 placet,

184 3428 323 3488 sumite.'²
365 3429 428 3488 Sub
448 3430 525 3489 hano
545 3449 647 3488 vocem
667 3429 746 3487 haud
766 3430 864 3486 minus
885 3425 1027 3497 ferociter,
1042 3426 1133 3498 daret,

184 3519 283 3566 utrum
304 3509 402 3580 vellet,
416 3509 631 3572 subclamatum
652 3520 706 3567 est.
748 3508 877 3566 Etcum
899 3506 924 3563 is
944 3506 1051 3564 iterum
1066 3506 1183 3568 sinuli}

183 3586 275 3647 effuso
289 3589 400 3648 bellum
420 3589 491 3647 dara
511 3588 638 3659 dixisset,
655 3588 789 3665 accipere
809 3606 841 3644 se
861 3604 962 3643 omnes
982 3586 1133 3663 responde-

184 3662 260 3739 runt,
286 3679 323 3739 et,
347 3669 453 3746 quibus
478 3670 644 3746 acciperent
667 3668 782 3736 animis,
807 3664 910 3723 iisdem
933 3684 965 3723 sa
989 3675 1132 3743 gesturos.

184 3746 267 3809 XIX.
290 3748 366 3807 Haec
381 3749 491 3807 directa
505 3747 704 3825 percunctatio
715 3765 754 3804 ac
768 3745 945 3804 denuntiatio
956 3745 1026 3803 belli
1039 3746 1135 3823 magis

182 3840 219 3883 ex
242 3828 384 3907 dignitate
408 3829 506 3907 populi
528 3826 653 3886 Romani
675 3826 739 3883 visa
758 3835 811 3897 est,
824 3844 913 3904 quam
933 3823 970 3884 do
991 3823 1135 3884 sederam
