2717 4292
488 318 574 358 traua
598 317 617 356 1.
660 319 726 358 cnr.
742 320 828 360 mv.
1115 315 1155 374 23

147 444 307 504 Albanus:
331 447 483 523 “injurias
504 457 533 506 et
553 465 612 505 non
633 448 759 508 redditas
779 468 835 518 res,
851 467 888 507 ex
911 448 1022 508 tradere
1042 467 1109 527 quaa

145 525 279 601 repetitae
303 525 371 594 sint,
397 535 425 582 et
449 545 505 602 ego
530 545 631 604 regern
654 539 785 585 nostrum
811 529 963 599 Cluilium,
985 547 1107 587 causam

145 603 273 678 hujusce
295 624 359 662 esse
383 604 462 674 belli,
479 605 595 663 audisse
610 607 729 664 videor:
749 625 806 665 nec
827 617 856 665 te
876 607 984 677 dubito,
1006 607 1106 677 Tulle,

144 683 251 740 eadem
264 702 326 759 prae
340 692 369 740 tc
392 682 479 741 serre.
522 685 590 754 Sed,
612 685 638 742 si
651 705 723 743 vera
739 686 936 761 potiusquam
949 686 1029 744 dictu
1043 706 1105 762 spe-

144 762 236 832 ciosa,
252 761 378 819 dicenda
398 774 475 834 suut,
491 764 597 840 cupido
610 764 726 840 imperii
746 764 819 822 duos
832 774 968 841 cognatos
982 766 1135 823 vicinos-5

144 859 203 916 que
219 841 342 916 populos
357 841 394 898 ad
409 861 492 900 arma
502 843 643 900 stimulat.
667 843 784 919 Neque,
797 853 877 901 recte
891 861 929 900 an
942 861 1105 920 perperam,

144 920 340 995 interpretor:
362 919 451 979 suerit
467 922 523 980 ista
538 921 603 998 ejus
617 921 795 992 deliberatio,
810 923 862 999 qui
883 921 994 979 bellum
1007 942 1105 980 susce·

145 998 201 1074 pit.
243 998 294 1055 Me
308 998 420 1056 Albani
433 1000 561 1077 gerendo
576 1001 652 1058 bello
665 1000 933 1059 ducemcreavere.
975 999 1052 1058 Illud
1066 1012 1105 1072 te,

145 1075 249 1147 Tulle,
275 1079 418 1135 monitum
440 1079 547 1137 velim:
580 1079 709 1138 Etrusca
732 1098 788 1150 res,
812 1089 925 1157 quanta
948 1081 1030 1138 circa
1053 1098 1106 1138 ucs

143 1163 234 1231 teque
248 1158 375 1214 maxime
390 1157 436 1228 sit,
450 1177 509 1236 quo
530 1158 691 1235 propiores
711 1159 829 1228 Tuscis,
844 1158 900 1217 hoc
920 1161 1015 1237 magis
1034 1159 1103 1216 scis.
1116 1159 1152 1217 10

145 1232 277 1292 Multum
298 1235 343 1292 illi
366 1245 454 1307 terra,
475 1236 635 1314 plurimum
649 1239 725 1295 mari
746 1238 864 1315 pollent.
907 1238 1020 1297 Memor
1033 1247 1102 1308 esto,

142 1312 216 1390 jam,
231 1332 303 1371 cum
317 1316 435 1392 siguum
455 1333 562 1392 pugnae
575 1315 667 1386 dabis,
683 1317 736 1374 has
755 1317 829 1374 duas
843 1316 926 1374 acies
935 1315 1104 1394 spectaculo

145 1390 218 1463 fore,
244 1403 277 1450 ut
301 1393 393 1452 fessos
416 1394 631 1471 confectosque,
653 1396 742 1452 simul
763 1394 903 1452 victorem
925 1414 961 1453 ac
981 1396 1102 1464 victum,

145 1472 369 1548 aggrediantur.
424 1472 535 1550 Itaque,
560 1475 586 1531 si
610 1492 664 1531 nos
688 1473 728 1531 dii
752 1482 859 1542 amant,
884 1474 1022 1548 quoniam
1045 1491 1103 1529 non

143 1552 274 1609 contenti
302 1550 436 1610 libertate
465 1563 555 1623 certa,
584 1553 615 1609 in
643 1552 763 1610 dubiam
790 1552 906 1628 imperii
933 1551 1102 1627 servitiique
1115 1553 1152 1606 15

145 1630 244 1687 aleam
264 1631 351 1702 imus,
367 1633 501 1689 ineamus
521 1632 651 1709 aliquam
665 1633 754 1702 viam,
769 1649 837 1707 qua,
853 1630 912 1688 utri
926 1631 999 1687 utris
1012 1629 1101 1706 impe-

143 1718 219 1779 rent,
243 1710 306 1767 sine
330 1729 439 1788 magna
459 1710 553 1781 clade,
576 1712 639 1768 sine
664 1710 755 1768 multo
778 1710 923 1788 sanguine
948 1710 1101 1785 utriusque

143 1789 255 1865 populi,
277 1787 397 1846 decerni
409 1788 531 1866 possit.''
572 1789 662 1848 Haud
676 1789 809 1866 displicet
823 1807 871 1846 res
885 1787 984 1858 Tullo,
999 1807 1099 1864 quam-

142 1885 245 1942 quam,
261 1887 331 1925 cum
351 1868 447 1926 indole
469 1869 568 1938 animi,
589 1877 652 1926 tum
669 1887 721 1944 spe
734 1868 873 1938 victoriae,
888 1866 1011 1925 ferocior
1024 1877 1097 1924 erat.

142 1945 355 2012 Quaercntibus
380 1949 526 2023 utrimque
549 1949 621 2005 ratio
643 1949 743 2017 initur,
768 1947 818 2004 cni
842 1956 871 2004 et
898 1945 1014 2003 fortuna
1036 1946 1099 2022 ipsa
1108 1947 1149 2002 20

141 2027 270 2101 praebuit
290 2027 453 2084 materiam.
498 2025 608 2085 XXIV.
631 2026 719 2084 Forte
740 2026 771 2082 in
785 2025 898 2082 duobus
910 2034 973 2081 tum
988 2025 1097 2081 exerci-

140 2105 223 2162 tibus
232 2115 315 2163 erant
325 2106 473 2182 trigemini
484 2103 596 2176 fratres,
606 2125 662 2164 nec
673 2115 757 2162 aetate
771 2122 828 2161 nec
836 2103 948 2160 viribus
958 2103 1096 2180 dispares.

141 2182 282 2242 Horatios
302 2184 505 2261 Curiatiosque
526 2183 615 2242 fnisse
636 2185 707 2243 satis
727 2192 848 2253 constat,
869 2201 924 2240 nec
945 2180 1036 2241 ferme
1051 2201 1098 2239 res

141 2263 267 2339 antiqua
281 2264 341 2321 alia
355 2273 398 2322 est
416 2264 555 2322 nobilior:
576 2273 673 2322 tamen
687 2264 718 2321 in
733 2282 764 2320 re
778 2272 838 2319 tam
852 2261 935 2328 clara
948 2262 1096 2318 nominum

141 2360 228 2400 error
241 2351 348 2413 manet,
364 2344 459 2400 utrius
473 2343 571 2420 populi
585 2341 710 2412 Horatii,
725 2342 820 2399 utrius
833 2340 957 2399 Curiatii
971 2339 1078 2398 fuerint
1088 2360 1095 2398 :
1106 2345 1146 2397 25

140 2431 281 2479 auctores
295 2430 418 2498 utroque
438 2423 571 2480 trahunt:
592 2422 692 2499 plures
710 2431 809 2479 tamen
829 2421 954 2489 invenio,
968 2421 1020 2495 qui
1039 2419 1095 2476 Rc-

142 2519 247 2558 manos
267 2499 405 2558 Horatios
418 2510 538 2559 vocent:
560 2501 611 2560 hos
633 2510 664 2558 ut
688 2518 804 2577 sequar,
826 2499 949 2556 inclinat
969 2499 1094 2554 animus.

141 2578 221 2637 Cum
245 2579 409 2656 trigeminis
433 2590 524 2658 agunt
548 2599 642 2656 reges,
667 2588 701 2636 nt
720 2597 772 2654 pro
785 2595 840 2634 sna
860 2577 983 2650 quisque
998 2575 1096 2707 patrio

141 2657 285 2717 dimicent
309 2657 403 2716 ferro:
434 2659 475 2716 ibi
494 2659 651 2735 imperium
672 2655 743 2725 fore,
765 2653 841 2711 unde
856 2653 977 2710 victoria
1011 2657 1093 2708 uerit.

141 2736 229 2794 Nihil
244 2747 408 2795 recusatur.
451 2737 583 2814 Tempus
597 2745 625 2794 et
639 2735 722 2793 locus
736 2732 880 2791 convenit.
922 2728 1095 2806 Priusquam
1106 2734 1144 2788 30
1237 2771 1241 2780 -

142 2815 327 2887 dimicarent,
342 2815 438 2875 foedus
451 2818 542 2876 ictum
556 2817 632 2874 inter
646 2815 792 2872 Romanos
806 2822 834 2870 et
848 2810 979 2869 Albanos
993 2819 1036 2868 est
1050 2809 1095 2867 his

141 2893 270 2974 legibus,
286 2905 327 2966 ut,
342 2915 485 2976 cujusque
507 2896 604 2974 populi
618 2895 699 2952 cives
720 2913 754 2950 ec
769 2891 927 2950 certamine
948 2890 1092 2960 vicissent,

140 2972 168 3031 is
182 2975 269 3032 alteri
291 2975 396 3052 populo
410 2994 479 3033 curn
493 2975 567 3032 bona
581 2993 652 3052 pace
666 2972 853 3050 imperitaret.
896 2968 1021 3028 Foedera
1035 2969 1094 3026 alia

140 3051 209 3112 aliis
223 3054 348 3133 legibus,
363 3063 493 3113 ceterum
507 3053 607 3112 eodem
622 3051 705 3110 modo
718 3052 815 3109 omnia
835 3051 918 3108 fiunt.
960 3048 1039 3106 Tum
1053 3048 1093 3104 ita

141 3130 255 3191 factum
277 3135 453 3210 accepimus,
474 3152 530 3190 nec
552 3132 641 3190 ullius
658 3131 797 3190 vetustior
817 3128 934 3188 foederis
954 3127 1092 3186 memoria
1102 3133 1140 3185 35

139 3221 203 3270 est:
227 3210 334 3270 fetialis
348 3231 448 3290 regem
462 3212 586 3270 Tullum
599 3211 640 3269 ita
651 3210 780 3288 rogavit:
802 3208 950 3284 “jubesne
960 3225 1016 3274 me,
1029 3223 1090 3274 rex,

139 3308 213 3350 eum
235 3301 317 3368 patre
336 3301 447 3367 patrato
461 3290 558 3368 populi
573 3290 684 3348 Albani
705 3287 800 3347 soedus
821 3284 953 3344 scrircl''
970 3285 1091 3374 jubente

140 3387 223 3446 rege,
253 3370 437 3447 “sagmina’'
466 3371 559 3446 inquit
587 3376 651 3439 “te,
681 3386 741 3437 rex,
770 3363 890 3442 posc0.''
941 3363 1005 3419 Rex
1033 3371 1089 3417 ait.

140 3454 277 3525 “puram
291 3448 416 3508 tollito.¹''
437 3449 559 3507 Fetialis
570 3467 606 3506 ex
618 3467 686 3506 arce
700 3444 840 3524 graminis
854 3442 973 3499 herbam
988 3457 1090 3515 puram

140 3529 249 3587 attulit.
293 3528 396 3586 Postea
417 3547 516 3606 regern
538 3528 578 3585 ita
597 3527 729 3604 rogavit:
747 3529 834 3591 “rex,
857 3518 966 3576 facisne
988 3536 1034 3611 me
1058 3527 1089 3575 tu
1099 3523 1138 3580 40

139 3608 259 3684 regium
274 3607 410 3665 nuntium
431 3607 528 3686 populi
543 3606 667 3664 Romani
681 3602 850 3671 Quiritium,
865 3617 944 3667 vasa,
960 3606 1088 3655 comites-

138 3704 198 3761 que
212 3706 294 3746 meos
304 3685 341 3743 ἴθ’
363 3706 414 3744 rex
426 3685 589 3763 respoudit:
612 3691 630 3720 “
639 3684 714 3762 quod
728 3683 790 3740 sine
806 3676 906 3736 fraude
920 3696 986 3735 mea
1002 3696 1088 3756 popu.

138 3762 221 3842 lique
245 3765 375 3826 Romani
398 3765 559 3833 Quiritium
581 3763 640 3833 fiat,
664 3759 773 3820 iaci0.''
814 3756 935 3816 Fetialis
958 3767 1021 3816 erat
1044 3755 1086 3814 lt.

138 3841 292 3905 Valerius.
348 3843 377 3902 Is
399 3854 510 3921 patrem
535 3851 678 3920 patratum
702 3840 840 3920 Spurium
864 3837 986 3895 Fusium
1011 3835 1088 3906 iecit,
