2717 4292
216 343 256 404 34
635 349 694 390 τιτι
715 346 791 390 nrvrr

264 479 377 542 Dianae.
428 480 621 556 Sabinusque,
645 488 677 538 ut
699 479 792 557 prima
813 487 882 556 apta
901 477 963 536 dies
986 475 1131 535 sacrificio
1150 473 1216 538 visa

264 571 316 632 est,
338 563 440 619 bovem
462 560 586 618 Romam
612 567 708 617 actam
733 558 850 616 deducit
873 558 909 615 ad
932 556 1033 615 sanum
1057 555 1162 614 Dianae
1185 565 1217 615 et

265 651 330 698 ante
345 659 428 697 aram
441 640 550 697 statuit.
592 637 636 696 Ibi
657 637 775 696 antistes
796 637 955 706 Romanus,
970 655 1039 694 curn
1059 655 1128 692 eum
1148 653 1211 691 ma.

263 719 383 796 gnitudo
397 720 522 777 victimae
536 717 684 776 celebrata
698 716 778 774 sarna
791 717 935 786 movisset,
950 734 1061 773 memor
1082 715 1214 792 responsi

234 797 406 856 bSabinum
431 799 472 856 ita
497 797 671 873 alloquitur:
705 795 874 871 “quidnam
897 806 939 866 tu,
967 795 1078 871 hospes,
1103 791 1215 870 parns''

264 878 358 954 inquit
380 877 516 934 “inceste
531 875 710 934 sacrificium
733 873 838 932 Dianae
858 873 979 932 faeere?
1000 874 1072 950 quin
1092 883 1125 930 tu
1145 881 1216 930 aute

265 957 331 1014 vivo
351 955 533 1034 perfunderis
553 953 696 1014 fluminei
718 953 819 1010 infima
833 953 909 1010 valle
924 953 1048 1031 praefluit
1060 950 1215 1009 Tiberis.''

265 1034 417 1112 Religione
432 1044 526 1092 tactus
540 1034 652 1111 hospes,
663 1033 715 1109 qui
728 1033 833 1102 omnia,
844 1042 876 1089 ut
889 1032 1018 1109 prodigio
1029 1030 1216 1106 responderet

264 1124 394 1183 eventus,
404 1123 524 1191 cuperet
538 1114 591 1170 rite
603 1112 690 1182 facta,
700 1112 844 1188 extemplo
857 1110 1005 1169 descendit
1013 1109 1050 1167 ad
1063 1109 1214 1168 Tiberimt

220 1197 254 1254 10
264 1193 376 1251 interea
390 1192 540 1251 Romanus
552 1191 683 1250 immolat
695 1189 800 1248 Dianae
813 1191 926 1248 bovem.
962 1188 995 1248 Id
1009 1190 1081 1247 mire
1095 1197 1215 1266 gratum

264 1272 328 1348 regi
342 1281 428 1348 atque
443 1272 553 1330 civitati
568 1271 631 1329 fnit.

305 1349 414 1408 XLVI.
436 1350 565 1420 Servius,
581 1368 760 1426 quamquam
771 1350 833 1425 jam
848 1367 903 1406 usu
924 1347 1003 1406 haud
1023 1347 1145 1407 dubium
1166 1366 1213 1406 re-

264 1449 355 1506 gnum
375 1429 548 1506 possederat,
570 1439 676 1498 tamen,
698 1430 768 1506 quia
787 1428 933 1485 interdum
951 1428 1057 1503 jactari
1081 1446 1169 1485 voces
1194 1447 1214 1484 a

262 1509 370 1586 juvene
395 1509 556 1585 Tarquinio
581 1508 725 1578 audiebat,
754 1528 785 1565 se
809 1508 923 1583 injussu
950 1507 1049 1584 populi
1076 1525 1212 1583 regnare,

219 1590 419 1648 lboonciliata
440 1589 521 1666 prius
542 1588 690 1646 voluntate
714 1587 815 1664 plebis,
831 1605 900 1662 egro
921 1597 1005 1663 capto
1025 1605 1062 1644 ex
1083 1586 1214 1644 hostibus

265 1668 372 1725 viritim
387 1668 486 1736 diviso,
502 1685 592 1724 ausus
612 1676 656 1723 est
681 1663 757 1722 ferre
778 1666 814 1723 ad
838 1664 985 1742 populum,
1001 1665 1110 1722 vellent
1127 1665 1212 1741 jube-

265 1756 365 1802 rentne
380 1766 411 1803 se
426 1764 567 1822 regnare:
589 1754 725 1820 tantoque
739 1762 891 1822 consensu,
906 1754 1014 1820 quanto
1034 1744 1112 1802 haud
1132 1745 1212 1821 quis-

264 1843 353 1900 quam
380 1825 456 1882 alius
485 1833 559 1894 ante,
588 1842 640 1880 rex
668 1831 712 1882 est
738 1823 914 1882 declaratus.
969 1823 1077 1899 Neque
1104 1843 1140 1881 ea
1164 1843 1214 1882 res

266 1902 427 1978 Tarquinio
447 1922 526 1978 spem
547 1902 701 1961 affectandi
723 1905 805 1980 regni
826 1903 976 1960 diminuit:
997 1904 1085 1960 immo
1104 1923 1139 1962 eo
1158 1903 1213 1960 im-

216 1987 255 2041 20
264 1983 391 2059 pensius,
416 1982 542 2059 quiade
567 2001 638 2059 agro
662 1981 753 2059 plebis
775 1983 898 2039 adversa
924 1992 1039 2057 patrum
1062 1982 1213 2040 voluntate

221 2091 229 2096 -
264 2072 393 2121 senserat
415 2063 471 2138 agi,
487 2061 659 2120 criminandi
680 2061 776 2118 Servii
797 2060 873 2137 apud
892 2072 988 2137 patres
1002 2061 1213 2138 crescendique

264 2142 294 2197 in
308 2142 392 2199 curia
405 2142 460 2198 sibi
474 2143 654 2200 occasionem
667 2140 764 2197 datam
779 2153 859 2198 ratus
873 2150 995 2209 est—et
1013 2142 1075 2217 ipse
1092 2141 1213 2216 juvenis

265 2219 391 2277 ardentis
412 2221 509 2290 animi,
525 2230 553 2278 et
574 2220 649 2278 domi
663 2239 753 2277 uxore
775 2219 877 2277 Tullia
897 2220 1059 2296 inquietum
1078 2221 1212 2277 animum

265 2299 441 2356 stimulante.
483 2299 566 2357 Tulit
587 2300 707 2356 enimet
727 2298 860 2356 Romana
877 2300 958 2375 regia
971 2299 1091 2356 sceleris
1104 2300 1211 2376 tragici

215 2384 254 2437 25
265 2378 440 2454 exemplum,
469 2387 500 2436 ut
534 2378 617 2450 taedio
644 2396 748 2454 regum
775 2378 915 2434 maturior
942 2379 1053 2435 veniret
1080 2379 1210 2449 libertas,

265 2458 399 2514 ultimum
420 2477 456 2514 ue
481 2476 605 2534 regnum
632 2453 717 2527 esset,
741 2457 817 2533 quod
844 2457 955 2514 scelere
982 2467 1098 2534 partum
1126 2456 1209 2516 foret.

264 2535 323 2593 Hic
337 2535 374 2594 L.
391 2477 703 2613 Tarquinius-Prisci
713 2592 715 2594 .
725 2536 878 2613 Tarquinii
895 2537 972 2613 regis
992 2537 1071 2594 filius
1083 2555 1211 2612 neposne

251 2615 360 2691 ¹fuerit,
385 2635 488 2693 parum
513 2617 622 2692 liquet:
653 2617 785 2692 pluribus
808 2626 906 2674 tamen
929 2616 1094 2673 auctoribus
1114 2617 1211 2672 filium

185 2715 186 2718 ¹
264 2695 563 2778 ediderim—fratrem
584 2695 725 2753 habuerat
745 2696 905 2753 Arruntem
923 2694 1118 2771 Tarquinium
1131 2695 1211 2752 mitis

215 2779 254 2832 30
264 2774 373 2850 ingenii
390 2775 540 2849 juvenem.
582 2773 637 2830 His
658 2774 778 2844 duobus,
801 2785 919 2833 utente
941 2775 1050 2832 dietum
1071 2783 1123 2845 est,
1143 2773 1211 2832 duae

265 2851 372 2909 Tulliae
387 2853 464 2928 regis
484 2852 552 2909 filiae
566 2862 732 2927 nupserant,
747 2864 776 2910 et
796 2855 866 2929 ipsae
880 2855 964 2930 longe
979 2854 1108 2930 dispares
1123 2855 1209 2910 mori-

264 2929 328 2986 bus.
371 2929 457 2987 Forte
478 2932 518 2988 ita
538 2930 688 3000 inciderat,
702 2951 739 2988 ne
760 2932 817 2989 duo
831 2934 957 2991 violenta
977 2933 1095 3010 ingenia
1111 2934 1210 3005 matri·

264 3009 358 3066 monio
371 3008 580 3086 jungerentur,
604 3008 728 3081 fortuna,
753 3011 848 3081 eredo,
874 3011 971 3088 pophli
996 3011 1129 3082 Romani,
1151 3031 1211 3089 quo

217 3161 220 3166 Ι
264 3087 429 3145 diuturnius
442 3088 537 3146 Servii
552 3107 674 3164 regnum
684 3100 768 3159 esset,
780 3092 972 3167 constituique
981 3092 1106 3149 civitatis
1115 3110 1212 3163 mores

216 3173 253 3228 35
263 3177 386 3243 possent.
429 3167 601 3244 Augebatur
624 3167 704 3226 ferox
729 3168 839 3240 Tullia,
854 3172 926 3226 nihil
949 3171 1078 3228 materiae
1097 3171 1128 3228 in
1146 3171 1212 3228 viro

264 3265 357 3322 neque
379 3246 415 3304 ad
435 3246 622 3322 cupiditatem
642 3266 737 3323 neque
758 3250 795 3305 ad
816 3249 970 3306 audaciam
984 3269 1067 3307 esse:
1099 3259 1158 3307 tota
1179 3251 1211 3306 in

264 3325 388 3384 alterum
417 3343 521 3384 aversa
549 3325 755 3402 Tarquinium,
783 3347 852 3385 eum
879 3329 988 3398 mirari,
1016 3347 1085 3386 eum
1112 3329 1212 3386 virum

263 3405 360 3464 dicere
382 3425 416 3463 ac
432 3406 512 3482 regio
532 3407 674 3482 sanguine
695 3418 799 3476 ortum,
814 3426 951 3483 spernere
972 3426 1107 3477 sororem,
1132 3407 1211 3484 quod

263 3485 358 3542 virum
373 3494 459 3542 nacta
473 3485 608 3542 muliebri
622 3496 749 3543 cessaret
763 3486 895 3543 audacia.
917 3486 1067 3544 Contrahit
1075 3486 1212 3544 celeriter

220 3561 420 3624 wsimilitudo
440 3583 497 3634 eos,
520 3574 552 3621 ut
576 3562 636 3621 sere
657 3565 690 3622 fit
709 3565 818 3622 malum
840 3565 917 3622 malo
938 3566 1137 3641 aptissimum:
1159 3564 1211 3623 sed

263 3643 377 3699 initium
396 3643 530 3699 turbandi
550 3643 646 3700 omnia
668 3663 686 3700 a
707 3643 815 3700 semina
828 3654 923 3701 ortum
943 3656 1004 3702 est:
1034 3664 1070 3701 ea
1090 3645 1211 3701 secretis

264 3720 319 3777 viri
342 3721 430 3776 alieni
454 3720 616 3779 assuefacta
637 3723 817 3780 sermonibus
837 3724 926 3781 nullis
940 3724 1095 3781 verborum
1109 3731 1210 3780 contn-

264 3798 359 3856 meliis
380 3816 499 3874 parcere
513 3799 548 3856 de
563 3801 625 3857 viro
639 3799 675 3857 ad
691 3800 818 3871 fratrem,
833 3801 869 3858 de
883 3820 980 3860 sorore
995 3803 1031 3859 ad
1045 3803 1159 3859 virum:
1180 3811 1216 3873 et¹

264 3891 295 3933 se
315 3877 423 3956 rectius
436 3875 553 3934 viduam
573 3887 602 3936 et
621 3879 706 3936 illum
726 3879 858 3938 caelibem
878 3879 1011 3939 futurum
1031 3879 1121 3939 fuisse
1141 3898 1209 3940 oon-
