2717 4292
205 256 262 319 158
623 274 682 315 τιτι
702 274 789 317 alvu·

252 426 309 467 non
330 417 432 487 posset,
453 405 626 483 petendique
640 415 751 463 montes
765 415 793 463 et
811 405 917 483 jugum
937 403 1094 463 callicula
1112 424 1198 483 supe-

253 488 376 547 randum
390 496 473 556 esset,
488 485 595 544 necubi
616 485 767 548 Romanus
783 485 931 544 inclusum
944 484 1071 542 vallibus
1092 504 1197 563 agmen

253 566 467 644 aggrederetur,
495 565 655 624 ludibrium
687 564 847 634 oculorum,
872 564 970 640 speeie
997 564 1135 635 terribile,
1161 563 1198 621 ad

253 644 449 704 frustrandum
473 644 582 703 hostem
603 654 792 713 commentus
814 643 955 719 principio
978 644 1072 701 noctis
1097 642 1198 701 furtim

222 724 409 785 bsuooedere
423 724 459 781 ad
476 733 586 781 montes
599 723 709 781 statuit.
751 718 881 781 Fallacia
897 721 1012 779 consilii
1025 723 1092 779 talis
1110 742 1197 799 appa-

251 814 332 863 ratus
360 803 431 862 suit:
463 801 543 861 iaces
567 802 694 878 undique
721 820 758 859 ex
786 803 866 879 agris
889 802 1020 859 collectae
1044 800 1198 877 fascesque

252 884 402 961 virgarum
427 892 512 959 atque
537 881 610 939 aridi
630 882 769 939 sarmenti
789 880 1035 959 praeliganturque
1059 882 1198 939 cornibus

251 962 347 1033 boum,
369 981 442 1039 quos
463 962 582 1019 domitos
603 960 811 1038 indomitosque
838 961 945 1017 multos
971 961 1046 1017 inter
1067 968 1197 1018 ceteram

252 1053 396 1119 agrestem
423 1040 550 1117 praedam
577 1040 700 1117 agebat:
732 1040 769 1098 ad
793 1039 851 1098 duo
874 1040 968 1102 miDia
992 1037 1083 1097 ferme
1108 1040 1197 1097 bourn

205 1127 240 1184 10
251 1121 363 1190 effecta,
378 1120 614 1196 Hasdrubalique
625 1120 773 1197 negotium
787 1118 897 1189 datum,
913 1128 945 1176 ut
958 1119 1059 1195 primis
1068 1119 1198 1176 tenebris

251 1201 342 1259 noetis
366 1200 396 1257 id
413 1209 576 1257 armentum
591 1199 723 1257 accensis
746 1198 883 1257 comibus
897 1198 932 1255 ad
954 1208 1064 1256 montes
1085 1207 1202 1275 ageret,

250 1280 385 1349 maxime,
399 1280 425 1337 si
446 1287 547 1355 posset,
562 1296 651 1354 super
664 1278 757 1336 saltus
770 1278 807 1334 ab
825 1278 905 1336 hoste
919 1278 1053 1335 insessos.
1096 1276 1195 1335 XVII.

251 1357 355 1417 Primis
368 1358 495 1417 tenebris
514 1357 627 1415 silentio
641 1367 718 1415 mota
731 1367 835 1427 castra,
858 1357 946 1415 boves
961 1358 1108 1433 aliquanto
1129 1368 1197 1415 ante

250 1438 334 1515 sigua
358 1439 427 1496 acti.
477 1436 536 1495 Ubi
560 1436 596 1493 ad
615 1437 729 1496 radices
752 1437 894 1495 montium
914 1437 1035 1512 viasque
1056 1447 1197 1513 angustas

204 1520 240 1577 15
250 1527 369 1575 ventum
386 1525 437 1587 est,
452 1517 569 1593 siguum
582 1516 727 1592 extemplo
743 1516 837 1585 datur,
853 1524 884 1573 ut
906 1516 1039 1574 accensis
1059 1516 1197 1574 cornibus
1299 1560 1306 1574 .

250 1606 381 1655 armenta
397 1597 428 1654 in
449 1595 584 1653 adversos
603 1597 783 1654 concitentur
796 1605 917 1653 montes.
960 1594 999 1653 Et
1019 1604 1114 1653 metus
1133 1596 1197 1671 ipse

249 1676 408 1733 relucentis
427 1676 552 1733 flammae
572 1693 609 1731 ex
623 1676 718 1751 capite
733 1674 870 1751 calorque
888 1674 951 1750 jam
965 1672 1002 1731 ad
1021 1674 1125 1732 vivum
1145 1674 1196 1732 diu
1229 1695 1231 1698 ·

250 1753 286 1811 ad
310 1755 425 1829 imaque
449 1772 592 1811 cornuum
620 1754 778 1811 adveniens
801 1753 883 1811 velut
909 1753 1069 1812 stimulatos
1097 1752 1196 1812 furore

249 1833 353 1909 agebat
377 1833 474 1889 boves.
515 1831 583 1899 Quo
604 1843 722 1909 repente
741 1833 886 1903 discursu,
900 1832 978 1890 haud
999 1852 1086 1891 secus
1105 1852 1196 1909 quam

200 1918 238 1973 20
249 1912 330 1969 silvis
344 1912 544 1988 montibusque
556 1912 697 1982 accensis,
708 1913 805 1970 omnia
815 1913 928 1970 circum
936 1912 1064 1990 virgulta
1073 1912 1194 1987 ardere3

248 1992 434 2067 capitumque
448 1992 530 2049 irrita
544 1992 699 2067 quassati0,
714 1992 845 2050 excitans
865 1992 1023 2061 flammam,
1044 1992 1196 2050 hominum

249 2072 356 2149 passim
375 2071 600 2129 discurrentium
620 2072 748 2149 speciem
768 2071 923 2149 praebebat.
965 2070 1027 2138 Qui
1040 2069 1078 2128 ad
1091 2072 1194 2129 transi-

248 2159 310 2207 tum
319 2150 410 2209 saltus
418 2150 602 2209 insidendum
615 2151 702 2209 locati
713 2160 804 2220 erant,
814 2150 864 2207 ubi
877 2151 908 2209 in
916 2151 1038 2208 summis
1049 2151 1196 2209 montibus

197 2244 200 2251 ·
249 2247 284 2286 ao
304 2247 436 2305 superse
459 2230 598 2305 quosdam
618 2232 703 2307 ignes
719 2248 906 2306 conspexere,
927 2230 1143 2288 circumventos
1163 2250 1195 2289 se

200 2312 238 2367 25
249 2326 312 2365 esse
327 2308 390 2377 rati,
406 2309 538 2384 prasidio
551 2327 721 2367 excessere:
742 2328 801 2384 qua
810 2310 929 2366 minime
940 2309 1037 2367 densae
1047 2309 1195 2367 micabant

248 2387 381 2457 flammae,
402 2387 483 2445 velut
502 2388 754 2449 tutissimumiter
775 2398 903 2465 petentes
923 2407 1039 2447 summa
1052 2389 1195 2446 montium

245 2465 327 2544 juga,
352 2476 449 2525 tamen
473 2468 503 2525 in
528 2467 667 2543 quosdam
691 2468 779 2525 boves
802 2467 913 2546 palatos
937 2468 1035 2526 esuis
1056 2468 1196 2545 gregibus

247 2546 425 2605 inciderunt:
447 2555 476 2605 et
490 2548 659 2623 primocum
674 2546 775 2624 procul
790 2557 951 2617 cernerent,
961 2548 1053 2606 veluti
1062 2547 1195 2605 flammas

248 2627 419 2702 spirantium
440 2627 583 2685 miraculo
608 2628 719 2685 attoniti
741 2627 939 2697 constiterunt,
960 2626 1072 2696 deinde,
1089 2636 1121 2684 ut
1141 2627 1193 2684 hu·

199 2711 334 2768 domena
359 2708 491 2783 apparuit
516 2707 605 2777 fraus,
628 2717 691 2764 tum
713 2726 782 2764 vero
805 2705 925 2764 insidias
949 2706 1005 2764 ruti
1026 2726 1099 2775 esse,
1124 2724 1194 2763 cum

248 2786 356 2861 majore
370 2794 449 2843 metu
463 2786 608 2845 concitant
622 2806 653 2845 se
667 2787 698 2843 in
713 2784 821 2863 fugam,
836 2784 895 2843 levi
909 2803 1023 2862 quoque
1037 2795 1195 2843 armaturae

247 2863 372 2921 hostium
392 2866 553 2923 incurrere.
595 2865 734 2923 Ceterum
754 2884 810 2923 nox
827 2875 940 2942 aequato
952 2866 1055 2923 timore
1075 2874 1195 2923 neutros

248 2960 375 3018 pugnam
389 2942 559 3019 incipientes
572 2944 609 3001 ad
631 2944 730 3002 lucem
745 2944 852 3003 tenuit:
874 2945 986 3002 interea
1006 2954 1062 3003 toto
1077 2944 1193 3021 agmine

248 3018 395 3077 Hannibal
418 3021 583 3080 transducto
605 3041 656 3100 per
683 3024 800 3094 saltum,
825 3032 853 3081 et
880 3021 1053 3100 quibusdam
1077 3024 1108 3080 in
1132 3024 1194 3100 ipso

200 3098 323 3160 assaltu
338 3100 462 3162 hostium
476 3102 626 3178 oppressis,
641 3103 672 3159 in
687 3121 757 3180 agro
772 3102 903 3161 Allifano
917 3104 1011 3180 posuit
1024 3113 1131 3161 castra.

289 3178 400 3237 XVIII.
430 3179 520 3239 Hunc
547 3181 706 3239 tumultum
733 3184 822 3241 sensit
849 3182 976 3241 Fabius:
1008 3192 1140 3241 ceterum
1164 3190 1194 3240 et

248 3258 367 3317 insidias
380 3278 444 3317 esse
465 3270 554 3330 ratus,
569 3269 598 3319 et
619 3262 655 3319 ab
669 3271 810 3321 nocturno
830 3262 931 3339 utique
952 3262 1110 3320 abhorrens
1130 3280 1192 3319 cer-

248 3339 366 3409 tamine,
386 3357 454 3397 suos
474 3341 660 3399 munimentis
680 3342 783 3399 tenuit.
824 3339 908 3400 Luce
929 3343 1022 3419 prima
1044 3342 1100 3398 sub
1121 3341 1194 3417 jugo

248 3419 352 3475 montis
379 3419 515 3495 proelium
544 3418 616 3494 suit3
652 3440 711 3497 quc
737 3422 926 3479 interclusam
950 3420 986 3479 ab
1010 3421 1072 3479 suis
1096 3420 1194 3486 levem

202 3502 238 3557 to
249 3507 427 3555 armaturam
441 3497 674 3558 facile-etenim
688 3519 809 3559 numere
823 3500 1005 3576 aliquantum
1020 3499 1194 3577 praestabant

248 3574 413 3632 —Romani
437 3588 633 3653 superassent,
658 3580 715 3637 nisi
739 3578 936 3656 Hispanorum
960 3580 1071 3649 cohors,
1101 3577 1137 3635 ad
1164 3576 1193 3633 id

248 3652 343 3728 ipsum
366 3654 487 3712 remissa
502 3657 538 3713 ab
551 3656 727 3727 Hannibale,
752 3659 941 3734 pervenisset.
983 3658 1031 3715 Ea
1051 3657 1193 3714 assuetior

248 3731 392 3788 montibus
406 3742 435 3789 et
456 3734 492 3789 ad
513 3737 745 3794 concursandum
758 3738 834 3794 inter
847 3749 920 3793 saxa
942 3755 1088 3813 rupesque
1103 3736 1195 3811 aptior
1295 3757 1299 3766 ·

249 3805 450 3883 celeriorque,
460 3828 529 3868 oum
539 3813 691 3872 velocitate
700 3832 853 3893 corporum
863 3824 927 3874 tum
934 3833 1083 3875 armorum
1092 3813 1194 3873 babitu
