2717 4292
420 305 507 347 arnna
527 306 559 345 v.
601 306 667 347 car.
682 308 767 362 xnu,
780 309 864 350 xm.
1101 299 1140 361 89

142 435 246 494 deinde
269 444 386 493 noctem
409 436 569 512 inquietam
593 438 727 497 insecuta
750 450 802 509 est,
825 459 881 499 nec
908 441 1003 501 ullum
1029 453 1095 505 erat

142 527 267 592 tempus,
288 515 366 593 quod
388 536 405 572 a
425 534 509 575 novas
529 536 644 594 semper
663 518 756 576 cladis
777 518 903 596 alicujus
926 525 1094 599 spectaculo

142 604 282 655 cessaret.
326 594 410 651 Nihil
435 605 542 667 tamen,
565 606 605 654 tot
628 600 739 655 onerati
764 609 851 675 atque
874 601 969 659 obruti
996 603 1092 673 malis,
1194 662 1199 669 ,

142 676 289 733 flexerunt
322 675 442 745 animos,
464 677 545 750 quln,
573 676 627 733 etsi
653 678 750 734 omnia
778 679 904 737 flammis
934 701 969 739 ac
1000 684 1093 741 ruinis

143 764 259 831 aequata
274 753 422 824 vidissent,
434 756 568 829 quamvis
582 756 696 831 inopem
711 775 902 833 parvumque,
913 779 1000 835 quem
1015 767 1122 819 tene-5

143 834 221 903 bant,
233 832 340 891 collem
350 833 475 891 libertati
484 833 626 904 relictum,
637 836 743 893 virtute
754 834 950 896 defenderent.
974 839 1014 898 Et
1020 840 1092 915 jam,

142 932 214 971 cum
228 911 331 970 eadem
343 913 469 989 quotidie
484 912 658 985 acciderent,
668 915 749 973 velut
760 917 868 974 assueti
879 918 974 987 malis,
985 919 1092 977 abalie-

141 1001 288 1049 naverant
299 992 335 1047 ab
345 1010 433 1049 seusu
444 1011 542 1049 rerum
554 1012 675 1050 suarum
690 997 810 1064 animes,
820 1013 903 1053 arma
912 1007 1025 1055 tantum
1037 997 1093 1055 t‘er·

143 1089 270 1147 rumque
281 1070 312 1127 in
326 1069 444 1140 dextris,
456 1070 537 1129 velut
546 1072 622 1129 solas
633 1072 773 1149 reliquias
781 1075 844 1151 spei
854 1093 925 1146 suae,
937 1077 1092 1136 intuentes.

185 1148 297 1208 XLIII.
324 1148 404 1207 Galli
424 1170 548 1226 quoque,
573 1170 626 1227 per
647 1152 758 1228 aliquot
777 1153 840 1211 dies
862 1155 892 1211 in
913 1165 990 1213 tecta
1009 1156 1141 1217 medulo

143 1230 226 1287 urbis
237 1228 434 1305 nequidquam
448 1229 623 1307 benegesto,
633 1250 703 1289 cum
715 1232 792 1290 inter
804 1233 940 1292 Incendia
948 1254 984 1293 ac
992 1236 1093 1295 ruinas

143 1319 238 1385 captae
247 1309 328 1366 urbis
342 1308 413 1365 nihil
428 1328 581 1385 superesse
596 1320 702 1386 praeter
709 1320 835 1368 armatos
848 1312 944 1371 hostes
951 1314 1091 1386 viderent,

142 1405 199 1445 nec
221 1386 382 1465 quidquam
402 1397 442 1446 tot
461 1387 595 1445 cladibus
615 1389 729 1446 territos
748 1406 803 1446 nec
817 1390 944 1449 flexuros
958 1393 993 1449 ad
1014 1392 1093 1450 dedi·

142 1468 253 1525 tionem
281 1468 400 1536 animos,
425 1468 456 1524 ni
483 1468 528 1524 vis
556 1467 752 1536 adhiberetur,
780 1470 907 1544 experiri
935 1470 1038 1528 ultima
1064 1482 1094 1529 et

141 1547 285 1623 impetum
310 1544 407 1604 lacere
432 1545 462 1603 in
484 1565 583 1603 arcem
603 1557 744 1604 statuunt.
794 1546 893 1604 Prima
913 1548 989 1620 luce,
1010 1551 1142 1627 sign015

142 1624 220 1695 dato,
245 1624 398 1683 multitudo
420 1626 513 1682 omnis
537 1626 567 1682 iu
593 1625 653 1683 foro
674 1626 846 1683 instruitur:
877 1628 944 1685 inde
965 1629 1092 1687 clamere

142 1704 259 1761 sublato
268 1724 303 1761 ae
317 1704 460 1762 testudIne
472 1704 549 1762 facta
563 1706 698 1762 subeunt.
720 1705 875 1763 Adversus
884 1726 957 1783 quos
968 1708 1092 1765 Romani

142 1783 217 1841 nihil
232 1794 340 1841 temere
350 1803 404 1841 nec
418 1782 538 1860 trepide,
551 1784 587 1841 ad
598 1804 698 1841 omnes
707 1784 801 1842 aditus
811 1788 982 1844 stationibus
995 1787 1091 1845 firma

142 1863 190 1933 tis,
210 1882 269 1939 qua
289 1864 373 1940 signa
394 1861 464 1920 ferri
487 1863 628 1933 videbant,
644 1884 679 1922 ea
696 1865 796 1921 robore
816 1866 945 1923 virorum
965 1868 1091 1944 opposito

142 1942 285 2000 scandere
299 1942 409 2000 hostem
419 1944 525 2011 sinunt,
534 1962 592 2019 quo
605 1945 800 2001 successerint
813 1945 906 2022 magis
920 1947 949 2003 ln
958 1946 1090 2016 arduum,
1100 1950 1141 2005 20

142 2042 179 2080 eo
194 2021 264 2098 pelli
286 2041 367 2098 posse
381 2041 432 2099 per
446 2022 573 2099 proclive
588 2020 704 2080 facilius
718 2024 783 2081 rati.
826 2022 923 2082 Medio
938 2024 997 2082 fere
1015 2025 1092 2083 clivo

142 2102 287 2172 restitere,
312 2110 398 2177 atque
422 2101 489 2158 inde
516 2121 553 2159 ex
580 2100 644 2159 loco
668 2103 826 2179 superiore,
854 2104 905 2179 qui
928 2122 1015 2180 prope
1037 2123 1092 2161 sua

142 2190 245 2257 sponte
259 2180 289 2236 in
310 2180 419 2237 hostem
440 2178 591 2251 inferebat,
613 2181 723 2257 impetu
744 2181 830 2251 facto,
844 2193 942 2260 strage
956 2202 992 2241 ac
1006 2184 1092 2241 ruiua

143 2258 249 2317 fudere
266 2258 376 2329 Gallos,
392 2270 424 2317 ut
444 2278 594 2336 nunquam
612 2271 710 2335 postea
728 2280 783 2318 nec
804 2280 872 2338 pars
888 2280 942 2319 nec
963 2264 1091 2321 universi

141 2339 319 2397 tentaverint
343 2339 402 2396 tale
427 2357 533 2415 pugnae
556 2358 659 2415 genus.
711 2338 828 2399 Omissa
848 2343 948 2417 itaque
967 2361 1018 2419 spe
1039 2347 1140 2419 per25

142 2419 205 2475 vim
228 2428 314 2493 atque
333 2435 415 2475 arma
429 2417 580 2489 subeundi,
595 2418 772 2476 obsidionem
785 2430 897 2498 parant,
911 2421 997 2496 cujus
1012 2420 1048 2477 ad
1062 2422 1091 2478 id

142 2506 260 2573 tempus
282 2498 464 2555 immemores
486 2506 524 2567 et,
545 2497 621 2573 quod
645 2498 675 2554 iu
697 2499 769 2555 urbe
791 2498 895 2567 fuerat,
913 2497 1091 2556 frumentum

142 2575 287 2634 Incendiis
312 2577 392 2641 urbis
416 2576 645 2653 absumpserant,
667 2585 697 2633 et
716 2596 753 2633 ex
768 2577 847 2651 agris
868 2595 920 2651 per
940 2577 1016 2652 ipsos
1029 2575 1091 2635 dies

142 2664 261 2733 raptum
282 2674 366 2713 omne
380 2654 469 2713 Veios
490 2666 570 2713 erat:
592 2656 691 2731 igitur,
713 2655 844 2712 exercitu
865 2654 964 2724 diviso,
985 2656 1090 2731 partim

142 2754 197 2813 per
228 2734 365 2792 finitimos
391 2734 511 2812 populos
538 2734 662 2811 praedari
688 2733 808 2811 placuit,
836 2734 940 2810 partim
967 2732 1090 2791 obsideri
1101 2738 1139 2793 3⁰

143 2832 254 2883 arcem,
281 2822 313 2871 ut
336 2813 531 2871 obsidentibus
552 2811 730 2871 frumentum
750 2813 932 2890 populatores
952 2831 1090 2890 agrorum

143 2892 317 2970 praeberent.
359 2892 580 2951 Proficiscentes
601 2892 703 2951 Gallos
716 2892 753 2951 ab
767 2891 848 2964 urbe,
870 2891 907 2950 ad
928 2892 1091 2951 Rommm

143 2971 350 3048 experiendam
365 2973 501 3031 virtutem
519 2971 634 3030 fortuna
651 2972 717 3049 ipsa
730 2972 869 3044 Ardeam,
885 2973 935 3030 ubi
948 2973 1091 3031 Camillus

143 3051 307 3121 exsulabat,
328 3051 427 3110 duxit:
448 3051 500 3127 qui
520 3052 646 3109 maestior
666 3051 708 3109 ibi
729 3050 844 3111 fortuna
864 3053 982 3129 publica
1001 3073 1090 3131 quam

143 3150 208 3201 sua,
229 3150 299 3189 cum
319 3130 375 3189 diis
394 3131 615 3207 hominibusque
637 3132 810 3190 accusandis
830 3143 1003 3202 senesceret,
1017 3133 1089 3190 indi-
1100 3137 1138 3192 35

142 3209 261 3287 gnando
275 3209 472 3287 mirandoque,
487 3210 537 3268 ubi
561 3210 605 3267 illi
618 3210 674 3268 viri
696 3220 800 3281 essent,
814 3212 865 3288 qui
885 3230 986 3269 secum
1000 3211 1090 3270 Veios

143 3288 334 3365 Faleriosque
348 3291 500 3366 cepissent,
515 3290 566 3365 qui
587 3290 644 3347 alia
665 3290 742 3347 bella
756 3289 858 3347 fortius
870 3308 985 3365 semper
1001 3308 1090 3365 quam

143 3365 262 3425 felicius
281 3369 447 3445 gessissent,
463 3379 580 3445 repente
595 3369 675 3426 audit
696 3369 848 3427 Gallorum
862 3369 1024 3425 exercitum
1041 3368 1089 3425 ad-

142 3457 275 3516 ventare,
299 3458 387 3524 atque
412 3447 447 3505 de
472 3468 506 3505 eo
530 3448 647 3523 pavidos
669 3448 813 3505 Ardeates
833 3448 1012 3511 consultare:
1034 3466 1090 3505 nee

142 3544 231 3583 secus
254 3544 344 3601 quam
372 3526 470 3585 divino
497 3528 598 3605 spiritu
626 3537 731 3597 taetus,
759 3545 828 3584 eum
851 3545 883 3583 se
910 3527 940 3583 in
965 3525 1089 3583 mediam
1100 3529 1137 3585 40

142 3606 313 3662 concionem
335 3606 487 3677 Intulisset,
503 3608 647 3664 abstinere
668 3617 769 3664 suetus
786 3615 852 3663 ante
873 3605 980 3662 talibus
994 3606 1088 3663 conci·

142 3682 200 3740 liis.
254 3682 363 3755 XLIV,
394 3685 597 3756 “Ardeates’'
619 3686 722 3761 inquit,
745 3692 884 3743 “veteres
905 3685 1001 3755 amici,
1022 3685 1090 3743 novi

142 3762 232 3821 etiam
246 3764 327 3821 ciues
341 3764 553 3843 mei-quando
572 3775 601 3824 et
614 3775 744 3823 vestrum
765 3763 939 3822 beneficium
963 3764 1004 3822 ita
1023 3764 1090 3823 tulit

143 3849 173 3901 et
189 3838 308 3901 senuna
328 3843 383 3903 hoc
396 3845 457 3923 egit
470 3862 671 3917 mea,-nemo
685 3854 812 3904 vostrum
834 3844 1004 3904 conditionis
1016 3863 1090 3906 meta
