2717 4292
391 289 395 296 ’
430 311 517 354 amsa
532 311 578 352 m.
619 311 865 364 caunetum.
1101 301 1142 364 οι

186 439 299 502 XLN.
322 441 475 508 Seourruu
489 441 568 499 aliud
581 443 611 498 in
623 443 695 500 urbe
708 441 799 512 nefas,
810 443 847 498 ab
856 442 975 500 libidIne
987 453 1094 513 ortum,

145 521 225 580 lraud
240 522 339 578 minus
354 519 431 578 fedo
444 531 560 590 eventu,
575 541 663 596 quam
683 521 760 597 quod
776 540 829 597 per
841 533 975 597 stuprum

145 600 317 675 umdemque
345 598 492 658 Lucretiae
523 601 596 656 urbe
628 620 773 677 regnoque
800 599 976 676 Tarquinios
1017 619 1049 658 tr.
1063 619 1092 658 c.

145 680 310 754 expulerat,
325 688 359 735 ut
372 697 429 735 nou
443 679 510 735 finis
523 679 617 735 solum
637 680 714 736 idem
727 679 910 748 decemviris,
922 681 975 755 qui
1021 683 1091 737 305.

146 758 277 835 regibus,
291 757 343 814 sed
363 775 455 813 causa
468 758 556 813 etiam
577 757 678 814 eadem
698 759 813 834 imperii
826 759 975 815 amittendi
1017 778 1049 816 a.
1062 777 1091 816 c.
1122 763 1142 816 5

145 846 233 893 esset.
276 837 336 912 Ap.
358 835 514 892 Claudium
528 837 649 912 virginis
669 836 791 912 plebeiae
809 837 976 913 stuprandae
1021 841 1082 895 44¹1

145 913 235 972 libido
249 915 336 990 cepit.
379 914 465 971 Pater
477 915 598 990 virginis
611 913 649 972 1..
661 914 815 991 Virginius
824 915 977 972 bonosum

144 993 279 1052 ordinem
292 994 323 1048 in
334 992 443 1069 Algido
456 991 588 1062 ducebat,
600 995 646 1050 vir
656 994 782 1070 exempli
795 995 868 1050 recti
881 993 959 1051 domi
971 994 1094 1052 militiae·

145 1091 222 1150 que:
242 1071 362 1147 perinde
374 1090 447 1128 uxor
455 1071 585 1128 instituta
596 1071 692 1129 suerat
701 1073 843 1147 liberique
852 1073 1093 1131 instituebantur:

145 1149 337 1227 desponderat
359 1150 450 1206 liliam
469 1148 508 1207 L.
529 1149 612 1208 Icilio
631 1151 794 1220 tribunicio,
813 1153 877 1209 viro
897 1153 969 1221 acri,
991 1163 1021 1210 et
1041 1171 1094 1228 pro
1103 1155 1142 1211 1⁰

145 1248 241 1366 {²0³le
258 1228 1093 1387 illialil'iffaelliiulmmffifflieffiffa‘ddss

145 1386 286 1464 pellicere
307 1387 434 1454 adortus,
449 1397 601 1461 postquam
621 1388 719 1442 omnia
738 1387 847 1462 pudore
862 1399 952 1463 πρῖε
964 1389 1092 1446 animad-

146 1475 283 1533 verterat,
295 1465 332 1521 ad
346 1463 495 1522 crudelem
506 1465 719 1540 superbamque
729 1467 790 1521 vim
800 1466 930 1522 animum
939 1469 1092 1524 convertit.

147 1543 189 1600 M.
204 1543 330 1602 Claudio
343 1543 442 1600 clienti
455 1545 604 1621 negotium
623 1543 710 1612 dedit,
725 1554 758 1600 ut
770 1544 913 1620 virginem
927 1546 957 1601 in
970 1547 1142 1603 servitu-15

143 1628 205 1681 tem
220 1632 373 1689 assereret,
388 1640 483 1696 neque
503 1622 620 1679 cederet
639 1623 801 1679 secundum
821 1623 984 1680 libertatem
997 1635 1092 1700 postu·

145 1702 274 1760 lantibus
295 1701 446 1768 vindicias,
461 1701 536 1776 quod
552 1711 633 1777 pater
653 1701 761 1776 puellm
773 1703 887 1760 abesset
906 1703 1004 1759 locum
1017 1703 1091 1779 inju-

145 1782 197 1837 riae
211 1800 276 1838 esse
291 1791 382 1836 ratus.
425 1779 542 1855 Virgini
556 1781 682 1837 venienti
693 1781 723 1836 in
734 1779 908 1838 sorum-ibi
921 1800 1047 1858 namque
1061 1783 1092 1840 in

144 1861 275 1918 tabernis
289 1859 451 1916 litterarum
462 1858 524 1915 ludi
534 1861 786 1916 erant—minister
795 1860 954 1917 decemviri
964 1861 1092 1919 libidinis

144 1957 267 1996 manum
295 1938 403 2012 injecit,
424 1957 510 1994 serva
533 1957 588 1994 sua
617 1947 716 1994 natam
742 1957 915 2014 servamque
942 1940 1141 2016 appellans20

143 2019 228 2094 sequi
251 2037 284 2074 se
301 2016 431 2091 jubebat,
446 2025 631 2074 cunctantem
655 2018 686 2073 vi
708 2018 932 2074 abstracturum.
983 2019 1093 2076 Pavida

144 2096 245 2174 puella
266 2105 409 2172 stupente,
430 2095 466 2151 ad
491 2095 648 2152 clamorem
672 2097 804 2165 nutricis,
824 2095 910 2152 fidem
931 2096 1092 2161 Quiritium

143 2176 335 2252 implorantis,
350 2174 383 2230 fit
403 2193 579 2232 concursus:
601 2174 730 2252 Virginii
743 2176 833 2250 patris
845 2176 998 2251 sponsique
1015 2175 1092 2234 Icilii

144 2255 285 2334 populare
299 2272 404 2311 nomen
418 2253 636 2310 celebrabatur:
657 2264 738 2310 notos
747 2254 843 2332 gratia
855 2273 964 2324 eorum,
975 2255 1091 2312 turbam

144 2334 303 2410 indignitas
324 2334 367 2389 rei
386 2333 493 2409 virgini
513 2333 658 2389 conciliat.
698 2331 765 2389 Jam
780 2353 798 2389 a
811 2333 841 2389 vi
854 2343 917 2390 tuta
936 2345 1008 2404 erat,
1022 2354 1091 2392 cum
1100 2338 1140 2391 2b

144 2424 272 2471 assertor
290 2411 363 2468 nihil
381 2431 453 2488 opus
466 2429 529 2468 esse
550 2411 733 2469 multitudine
754 2413 896 2469 concitata
915 2413 964 2481 ait,
978 2433 1010 2470 se
1023 2413 1091 2488 jure

144 2493 276 2569 grassari
299 2509 356 2548 non
378 2491 425 2546 vi:
454 2500 537 2547 vocat
559 2491 687 2566 puellam
710 2492 741 2546 in
760 2491 819 2565 jus,
844 2492 1019 2560 auctoribus,
1040 2492 1092 2566 qui

105 2619 112 2632 .
145 2571 276 2638 aderant,
292 2580 324 2626 ut
346 2578 545 2644 sequerentur.
588 2567 637 2625 Ad
661 2568 788 2624 tribuual
809 2569 899 2645 Appii
922 2580 1093 2643 perventum

145 2661 198 2708 est.
242 2649 352 2706 Notam
369 2648 463 2723 judici
484 2646 614 2704 fabulam
635 2647 883 2722 petitor-quippe
904 2644 980 2720 apud
997 2647 1093 2720 ipsum

146 2738 297 2786 auctorem
312 2726 643 2803 argumenti-peragit:
665 2725 793 2800 puellam
813 2722 890 2780 domi
909 2742 971 2780 suae
984 2735 1091 2796 natam,
1102 2728 1141 2783 30

146 2807 282 2884 surtoque
303 2806 369 2862 inde
390 2807 420 2862 in
441 2805 558 2862 domurn
575 2804 704 2879 Virginii
723 2802 903 2871 translatam,
917 2805 1093 2870 suppositam

145 2888 173 2944 ei
188 2906 271 2944 esse:
294 2884 322 2941 id
344 2905 375 2942 se
396 2884 502 2941 indicio
522 2893 702 2958 compertum
723 2882 827 2940 afferre
848 2884 1092 2961 probaturumque

145 2966 193 3023 vel
208 2967 272 3041 ipso
285 2963 421 3040 Virginis
431 2962 541 3038 judice,
557 2962 592 3019 ad
607 2980 696 3038 quem
709 2962 801 3038 major
814 2981 881 3038 pars
894 2961 1009 3040 iujuriae
1028 2964 1092 3041 ejus

144 3045 290 3122 pertineat
329 3043 443 3099 iuterim
464 3040 611 3098 dominum
632 3042 715 3116 sequi
735 3042 873 3099 ancillam
886 3061 1003 3118 aequum
1017 3062 1091 3102 esse.

145 3123 291 3180 Advocati
307 3121 420 3198 puellae,
436 3138 506 3177 cum
519 3119 687 3197 Virginium
701 3120 744 3177 rei
757 3121 882 3198 publica
899 3141 990 3178 causa
1003 3121 1090 3179 dixis·
1102 3127 1141 3181 35

145 3213 209 3260 sent
223 3203 336 3269 abesse,
352 3200 438 3256 biduo
452 3198 611 3255 affuturum
626 3200 651 3256 si
672 3199 837 3257 nuntiatum
857 3201 885 3257 ei
899 3202 944 3269 sit,
958 3201 1092 3276 iniquum

146 3302 210 3342 esse
224 3282 374 3338 absentem
390 3278 426 3335 de
447 3278 547 3335 liberis
560 3277 710 3347 dimicare,
724 3279 877 3353 postulant,
893 3289 925 3335 ut
945 3297 1007 3335 rem
1020 3280 1091 3336 inte·

145 3379 230 3438 gram
241 3360 272 3415 iu
283 3358 373 3435 patris
385 3355 539 3414 adventum
554 3356 675 3427 differat,
687 3357 750 3432 lege
762 3356 798 3412 ab
812 3357 873 3431 ipso
883 3356 942 3413 lata
952 3356 1092 3414 vindicias

146 3439 193 3497 det
214 3436 378 3496 secundum
398 3436 569 3504 libertatem,
584 3455 642 3492 neu
662 3436 788 3511 patiatur
802 3434 944 3509 virginem
961 3434 1089 3492 adultam

147 3517 234 3576 samaa
249 3517 330 3591 prius
344 3534 431 3591 quam
446 3515 585 3572 libertatis
599 3514 763 3590 periculum
779 3511 869 3569 adire.
912 3510 1007 3569 XLV.
1030 3514 1135 3588 Ap.40

147 3598 213 3674 pius
234 3596 352 3652 decreto
373 3592 517 3669 praelatus,
533 3613 621 3669 quarn
642 3593 768 3649 libertati
789 3590 902 3659 faverit,
916 3610 981 3647 eam
1000 3591 1092 3667 ipsam

147 3675 243 3752 legem
264 3674 425 3742 declarare,
448 3691 536 3748 quam
558 3673 687 3748 Virginii
708 3672 794 3727 amici
819 3671 1000 3746 postulationi
1030 3691 1092 3732 suar

167 3754 344 3812 rmtendant:
366 3761 494 3810 ceterum
508 3752 548 3809 itu
562 3752 592 3808 in
607 3771 643 3808 ea
656 3751 773 3808 firmum
787 3749 911 3808 libertati
925 3749 984 3808 sore
995 3752 1092 3828 praesi.

147 3773 238 3904 dium,
252 3833 279 3892 si
299 3850 356 3890 nec
376 3831 473 3889 causis
486 3847 541 3890 nec
558 3830 686 3909 personis
699 3830 809 3888 variet:
830 3830 861 3887 in
881 3830 927 3888 his
940 3831 1027 3901 enim,
1041 3831 1093 3909 qui
