<?xml version="1.0" encoding="UTF-8"?>
<!DOCTYPE html PUBLIC "-//W3C//DTD XHTML 1.0 Transitional//EN"
    "http://www.w3.org/TR/xhtml1/DTD/xhtml1-transitional.dtd">
<html xmlns="http://www.w3.org/1999/xhtml" xml:lang="en" lang="en">
 <head>
  <title>
</title>
<meta http-equiv="Content-Type" content="text/html;charset=utf-8" />
  <meta name='ocr-system' content='tesseract 3.04.00' />
  <meta name='ocr-capabilities' content='ocr_page ocr_carea ocr_par ocr_line ocrx_word'/>
</head>
<body>
  <div class='ocr_page' id='page_1' title='image "./selectionsfromf01alscgoog_0212.png"; bbox 0 0 2717 4292; ppageno 0'>
   <div class='ocr_carea' id='block_1_1' title="bbox 173 209 753 332">
    <p class='ocr_par' dir='ltr' id='par_1_1' title="bbox 173 209 753 332">
     <span class='ocr_line' id='line_1_1' title="bbox 173 209 753 332; baseline 0.005 -19"><span class='ocrx_word' id='word_1_1' title='bbox 173 269 232 332; x_wconf 81' lang='lat'>194</span> <span class='ocrx_word' id='word_1_2' title='bbox 597 273 657 316; x_wconf 86' lang='lat' dir='ltr'>rrrr</span> <span class='ocrx_word' id='word_1_3' title='bbox 672 209 753 316; x_wconf 31' lang='lat' dir='ltr'>&#39;nrrrr</span> 
     </span>
    </p>
   </div>
   <div class='ocr_carea' id='block_1_2' title="bbox 144 401 1175 1520">
    <p class='ocr_par' dir='ltr' id='par_1_2' title="bbox 220 401 1175 726">
     <span class='ocr_line' id='line_1_2' title="bbox 220 401 1174 485; baseline -0.002 -17"><span class='ocrx_word' id='word_1_4' title='bbox 220 426 303 468; x_wconf 90' lang='lat' dir='ltr'>mum</span> <span class='ocrx_word' id='word_1_5' title='bbox 322 406 402 479; x_wconf 92' lang='lat' dir='ltr'>abiit,</span> <span class='ocrx_word' id='word_1_6' title='bbox 416 405 493 485; x_wconf 88' lang='lat' dir='ltr'>quod</span> <span class='ocrx_word' id='word_1_7' title='bbox 513 404 615 464; x_wconf 80' lang='lat' dir='ltr'>fallaci</span> <span class='ocrx_word' id='word_1_8' title='bbox 636 404 733 464; x_wconf 91' lang='lat' dir='ltr'>reditu</span> <span class='ocrx_word' id='word_1_9' title='bbox 754 405 785 463; x_wconf 92' lang='lat' dir='ltr'>in</span> <span class='ocrx_word' id='word_1_10' title='bbox 807 413 905 464; x_wconf 83' lang='lat' dir='ltr'>castra</span> <span class='ocrx_word' id='word_1_11' title='bbox 923 401 1120 482; x_wconf 85' lang='lat' dir='ltr'>jurejurando</span> <span class='ocrx_word' id='word_1_12' title='bbox 1141 423 1174 466; x_wconf 81' lang='lat' dir='ltr'>se</span> 
     </span>
     <span class='ocr_line' id='line_1_3' title="bbox 220 482 1175 566; baseline -0.002 -19"><span class='ocrx_word' id='word_1_13' title='bbox 220 487 401 548; x_wconf 82' lang='lat' dir='ltr'>exsolvisset</span> <span class='ocrx_word' id='word_1_14' title='bbox 442 485 530 554; x_wconf 84' lang='lat' dir='ltr'>Quod</span> <span class='ocrx_word' id='word_1_15' title='bbox 553 485 604 544; x_wconf 93' lang='lat' dir='ltr'>ubi</span> <span class='ocrx_word' id='word_1_16' title='bbox 625 485 749 544; x_wconf 92' lang='lat' dir='ltr'>innotuit</span> <span class='ocrx_word' id='word_1_17' title='bbox 771 482 955 566; x_wconf 87' lang='lat' dir='ltr'>relatumque</span> <span class='ocrx_word' id='word_1_18' title='bbox 978 485 1015 542; x_wconf 91' lang='lat' dir='ltr'>ad</span> <span class='ocrx_word' id='word_1_19' title='bbox 1037 497 1175 546; x_wconf 89' lang='lat' dir='ltr'>senatum</span> 
     </span>
     <span class='ocr_line' id='line_1_4' title="bbox 220 563 1175 642; baseline -0.001 -16"><span class='ocrx_word' id='word_1_20' title='bbox 220 578 273 639; x_wconf 92' lang='lat' dir='ltr'>est,</span> <span class='ocrx_word' id='word_1_21' title='bbox 290 585 391 626; x_wconf 88' lang='lat' dir='ltr'>omnes</span> <span class='ocrx_word' id='word_1_22' title='bbox 414 574 594 625; x_wconf 88' lang='lat' dir='ltr'>censuerunt</span> <span class='ocrx_word' id='word_1_23' title='bbox 620 563 923 642; x_wconf 87' lang='lat' dir='ltr'>comprehendendum</span> <span class='ocrx_word' id='word_1_24' title='bbox 948 572 977 622; x_wconf 89' lang='lat' dir='ltr'>et</span> <span class='ocrx_word' id='word_1_25' title='bbox 1001 565 1175 625; x_wconf 77' lang='lat' dir='ltr'>custodibus</span> 
     </span>
     <span class='ocr_line' id='line_1_5' title="bbox 220 643 998 726; baseline -0.006 -20"><span class='ocrx_word' id='word_1_26' title='bbox 220 647 338 726; x_wconf 88' lang='lat' dir='ltr'>publice</span> <span class='ocrx_word' id='word_1_27' title='bbox 351 646 427 704; x_wconf 89' lang='lat' dir='ltr'>datis</span> <span class='ocrx_word' id='word_1_28' title='bbox 439 644 644 704; x_wconf 88' lang='lat' dir='ltr'>deducendum</span> <span class='ocrx_word' id='word_1_29' title='bbox 658 646 696 703; x_wconf 89' lang='lat' dir='ltr'>ad</span> <span class='ocrx_word' id='word_1_30' title='bbox 710 643 909 704; x_wconf 84' lang='lat' dir='ltr'>Hannibalem</span> <span class='ocrx_word' id='word_1_31' title='bbox 924 663 998 702; x_wconf 88' lang='lat' dir='ltr'>esse.</span> 
     </span>
    </p>

    <p class='ocr_par' dir='ltr' id='par_1_3' title="bbox 190 723 1175 955">
     <span class='ocr_line' id='line_1_6' title="bbox 190 723 1174 802; baseline -0.004 -14"><span class='ocrx_word' id='word_1_32' title='bbox 190 735 210 789; x_wconf 76' lang='lat'><strong>5</strong></span> <span class='ocrx_word' id='word_1_33' title='bbox 260 726 316 785; x_wconf 90' lang='lat' dir='ltr'>Est</span> <span class='ocrx_word' id='word_1_34' title='bbox 335 735 365 785; x_wconf 93' lang='lat' dir='ltr'>et</span> <span class='ocrx_word' id='word_1_35' title='bbox 387 725 446 784; x_wconf 89' lang='lat' dir='ltr'>alia</span> <span class='ocrx_word' id='word_1_36' title='bbox 466 725 503 784; x_wconf 92' lang='lat' dir='ltr'>de</span> <span class='ocrx_word' id='word_1_37' title='bbox 523 725 647 802; x_wconf 88' lang='lat' dir='ltr'>captivis</span> <span class='ocrx_word' id='word_1_38' title='bbox 667 723 763 783; x_wconf 82' lang='lat' dir='ltr'>sama:</span> <span class='ocrx_word' id='word_1_39' title='bbox 784 723 887 782; x_wconf 90' lang='lat' dir='ltr'>decern</span> <span class='ocrx_word' id='word_1_40' title='bbox 910 724 1019 800; x_wconf 88' lang='lat' dir='ltr'>primos</span> <span class='ocrx_word' id='word_1_41' title='bbox 1039 725 1174 784; x_wconf 85' lang='lat' dir='ltr'>venisse:</span> 
     </span>
     <span class='ocr_line' id='line_1_7' title="bbox 220 802 1175 873; baseline -0.001 -9"><span class='ocrx_word' id='word_1_42' title='bbox 220 805 257 865; x_wconf 92' lang='lat' dir='ltr'>de</span> <span class='ocrx_word' id='word_1_43' title='bbox 277 808 321 864; x_wconf 90' lang='lat' dir='ltr'>eis</span> <span class='ocrx_word' id='word_1_44' title='bbox 341 825 412 865; x_wconf 88' lang='lat' dir='ltr'>oum</span> <span class='ocrx_word' id='word_1_45' title='bbox 431 805 594 864; x_wconf 77' lang='lat' dir='ltr'>dubitatum</span> <span class='ocrx_word' id='word_1_46' title='bbox 617 804 648 860; x_wconf 93' lang='lat' dir='ltr'>in</span> <span class='ocrx_word' id='word_1_47' title='bbox 660 812 765 862; x_wconf 88' lang='lat' dir='ltr'>senatu</span> <span class='ocrx_word' id='word_1_48' title='bbox 789 813 874 873; x_wconf 89' lang='lat' dir='ltr'>esset,</span> <span class='ocrx_word' id='word_1_49' title='bbox 900 802 1122 862; x_wconf 82' lang='lat' dir='ltr'><strong>admitterentur</strong></span> <span class='ocrx_word' id='word_1_50' title='bbox 1142 805 1175 863; x_wconf 91' lang='lat' dir='ltr'>in</span> 
     </span>
     <span class='ocr_line' id='line_1_8' title="bbox 221 883 1174 955; baseline -0.002 -11"><span class='ocrx_word' id='word_1_51' title='bbox 221 886 325 944; x_wconf 91' lang='lat' dir='ltr'>urbem</span> <span class='ocrx_word' id='word_1_52' title='bbox 346 904 449 955; x_wconf 90' lang='lat' dir='ltr'>necne,</span> <span class='ocrx_word' id='word_1_53' title='bbox 473 886 516 944; x_wconf 90' lang='lat' dir='ltr'>ita</span> <span class='ocrx_word' id='word_1_54' title='bbox 539 883 679 942; x_wconf 88' lang='lat' dir='ltr'>admissos</span> <span class='ocrx_word' id='word_1_55' title='bbox 703 903 776 954; x_wconf 88' lang='lat' dir='ltr'>osse,</span> <span class='ocrx_word' id='word_1_56' title='bbox 801 899 839 941; x_wconf 88' lang='lat' dir='ltr'>ue</span> <span class='ocrx_word' id='word_1_57' title='bbox 866 890 964 942; x_wconf 86' lang='lat' dir='ltr'>temen</span> <span class='ocrx_word' id='word_1_58' title='bbox 992 883 1030 942; x_wconf 93' lang='lat' dir='ltr'>iis</span> <span class='ocrx_word' id='word_1_59' title='bbox 1054 893 1174 943; x_wconf 87' lang='lat' dir='ltr'>senatus</span> 
     </span>
    </p>

    <p class='ocr_par' dir='ltr' id='par_1_4' title="bbox 144 962 1173 1122">
     <span class='ocr_line' id='line_1_9' title="bbox 144 962 1173 1040; baseline 0.001 -17"><span class='ocrx_word' id='word_1_60' title='bbox 144 970 154 990; x_wconf 78' lang='lat'><strong><em>⁴</em></strong></span> <span class='ocrx_word' id='word_1_61' title='bbox 220 964 357 1024; x_wconf 89' lang='lat' dir='ltr'>daretur:</span> <span class='ocrx_word' id='word_1_62' title='bbox 386 964 565 1024; x_wconf 87' lang='lat' dir='ltr'>morantibus</span> <span class='ocrx_word' id='word_1_63' title='bbox 588 962 692 1021; x_wconf 91' lang='lat' dir='ltr'>deinde</span> <span class='ocrx_word' id='word_1_64' title='bbox 715 962 831 1040; x_wconf 86' lang='lat' dir='ltr'>longius</span> <span class='ocrx_word' id='word_1_65' title='bbox 854 962 985 1020; x_wconf 91' lang='lat' dir='ltr'>omnium</span> <span class='ocrx_word' id='word_1_66' title='bbox 1009 981 1071 1039; x_wconf 88' lang='lat' dir='ltr'>spe,</span> <span class='ocrx_word' id='word_1_67' title='bbox 1100 963 1173 1025; x_wconf 87' lang='lat' dir='ltr'>alios</span> 
     </span>
     <span class='ocr_line' id='line_1_10' title="bbox 219 1041 1173 1122; baseline -0.003 -20"><span class='ocrx_word' id='word_1_68' title='bbox 219 1053 281 1102; x_wconf 92' lang='lat' dir='ltr'>tres</span> <span class='ocrx_word' id='word_1_69' title='bbox 299 1045 420 1122; x_wconf 77' lang='lat' dir='ltr'>insuper</span> <span class='ocrx_word' id='word_1_70' title='bbox 433 1044 543 1121; x_wconf 89' lang='lat' dir='ltr'>legatos</span> <span class='ocrx_word' id='word_1_71' title='bbox 557 1043 680 1114; x_wconf 83' lang='lat' dir='ltr'>venisse,</span> <span class='ocrx_word' id='word_1_72' title='bbox 695 1041 733 1102; x_wconf 90' lang='lat' dir='ltr'>L.</span> <span class='ocrx_word' id='word_1_73' title='bbox 749 1041 935 1100; x_wconf 84' lang='lat' dir='ltr'>Scribonium</span> <span class='ocrx_word' id='word_1_74' title='bbox 948 1051 978 1100; x_wconf 90' lang='lat' dir='ltr'>et</span> <span class='ocrx_word' id='word_1_75' title='bbox 997 1041 1033 1100; x_wconf 85' lang='lat' dir='ltr'>C.</span> <span class='ocrx_word' id='word_1_76' title='bbox 1048 1041 1173 1119; x_wconf 85' lang='lat' dir='ltr'>Calpur-</span> 
     </span>
    </p>

    <p class='ocr_par' dir='ltr' id='par_1_5' title="bbox 174 1120 1175 1520">
     <span class='ocr_line' id='line_1_11' title="bbox 174 1120 1174 1199; baseline -0.005 -13"><span class='ocrx_word' id='word_1_77' title='bbox 174 1123 303 1186; x_wconf 81' lang='lat' dir='ltr'>lonium</span> <span class='ocrx_word' id='word_1_78' title='bbox 323 1132 352 1182; x_wconf 91' lang='lat' dir='ltr'>et</span> <span class='ocrx_word' id='word_1_79' title='bbox 372 1122 410 1182; x_wconf 81' lang='lat' dir='ltr'>L.</span> <span class='ocrx_word' id='word_1_80' title='bbox 427 1122 589 1181; x_wconf 87' lang='lat' dir='ltr'>Manlium:</span> <span class='ocrx_word' id='word_1_81' title='bbox 609 1132 674 1182; x_wconf 92' lang='lat' dir='ltr'>tum</span> <span class='ocrx_word' id='word_1_82' title='bbox 688 1121 807 1180; x_wconf 88' lang='lat' dir='ltr'>demum</span> <span class='ocrx_word' id='word_1_83' title='bbox 824 1120 860 1178; x_wconf 90' lang='lat' dir='ltr'>ab</span> <span class='ocrx_word' id='word_1_84' title='bbox 881 1130 1004 1199; x_wconf 87' lang='lat' dir='ltr'>cognato</span> <span class='ocrx_word' id='word_1_85' title='bbox 1024 1121 1174 1181; x_wconf 86' lang='lat' dir='ltr'>Scribonii</span> 
     </span>
     <span class='ocr_line' id='line_1_12' title="bbox 219 1200 1175 1280; baseline 0.001 -20"><span class='ocrx_word' id='word_1_86' title='bbox 219 1202 337 1261; x_wconf 90' lang='lat' dir='ltr'>tribuno</span> <span class='ocrx_word' id='word_1_87' title='bbox 360 1202 453 1279; x_wconf 92' lang='lat' dir='ltr'>plebis</span> <span class='ocrx_word' id='word_1_88' title='bbox 476 1202 513 1260; x_wconf 94' lang='lat' dir='ltr'>de</span> <span class='ocrx_word' id='word_1_89' title='bbox 527 1201 711 1274; x_wconf 68' lang='lat' dir='ltr'>,redimentur</span> <span class='ocrx_word' id='word_1_90' title='bbox 734 1200 858 1280; x_wconf 84' lang='lat' dir='ltr'>captivis</span> <span class='ocrx_word' id='word_1_91' title='bbox 882 1201 1009 1260; x_wconf 87' lang='lat' dir='ltr'>relatum</span> <span class='ocrx_word' id='word_1_92' title='bbox 1029 1219 1102 1272; x_wconf 88' lang='lat' dir='ltr'>esse,</span> <span class='ocrx_word' id='word_1_93' title='bbox 1116 1220 1175 1261; x_wconf 87' lang='lat' dir='ltr'>neo</span> 
     </span>
     <span class='ocr_line' id='line_1_13' title="bbox 219 1279 1175 1358; baseline 0 -18"><span class='ocrx_word' id='word_1_94' title='bbox 219 1282 370 1340; x_wconf 76' lang='lat' dir='ltr'>censuisse</span> <span class='ocrx_word' id='word_1_95' title='bbox 392 1281 575 1340; x_wconf 90' lang='lat' dir='ltr'>redimendos</span> <span class='ocrx_word' id='word_1_96' title='bbox 597 1290 742 1352; x_wconf 90' lang='lat' dir='ltr'>senatum,</span> <span class='ocrx_word' id='word_1_97' title='bbox 766 1290 796 1340; x_wconf 92' lang='lat' dir='ltr'>et</span> <span class='ocrx_word' id='word_1_98' title='bbox 818 1299 909 1339; x_wconf 84' lang='lat' dir='ltr'>novos</span> <span class='ocrx_word' id='word_1_99' title='bbox 929 1279 1040 1358; x_wconf 82' lang='lat' dir='ltr'>legatos</span> <span class='ocrx_word' id='word_1_100' title='bbox 1060 1281 1122 1338; x_wconf 86' lang='lat' dir='ltr'>tr&#39;es</span> <span class='ocrx_word' id='word_1_101' title='bbox 1136 1281 1175 1340; x_wconf 84' lang='lat' dir='ltr'>ed</span> 
     </span>
     <span class='ocr_line' id='line_1_14' title="bbox 219 1359 1173 1437; baseline 0 -18"><span class='ocrx_word' id='word_1_102' title='bbox 219 1359 419 1422; x_wconf 87' lang='lat' dir='ltr'>Hannibalem</span> <span class='ocrx_word' id='word_1_103' title='bbox 439 1362 603 1434; x_wconf 87' lang='lat' dir='ltr'>revertisse,</span> <span class='ocrx_word' id='word_1_104' title='bbox 617 1360 720 1420; x_wconf 87' lang='lat' dir='ltr'>decem</span> <span class='ocrx_word' id='word_1_105' title='bbox 733 1371 848 1420; x_wconf 85' lang='lat' dir='ltr'>veteres</span> <span class='ocrx_word' id='word_1_106' title='bbox 868 1361 1062 1435; x_wconf 87' lang='lat' dir='ltr'>remansisse;</span> <span class='ocrx_word' id='word_1_107' title='bbox 1085 1359 1173 1437; x_wconf 92' lang='lat' dir='ltr'>quod,</span> 
     </span>
     <span class='ocr_line' id='line_1_15' title="bbox 220 1438 1173 1520; baseline 0.001 -23"><span class='ocrx_word' id='word_1_108' title='bbox 220 1457 274 1518; x_wconf 91' lang='lat' dir='ltr'>per</span> <span class='ocrx_word' id='word_1_109' title='bbox 286 1459 409 1500; x_wconf 92' lang='lat' dir='ltr'>causam</span> <span class='ocrx_word' id='word_1_110' title='bbox 423 1441 651 1520; x_wconf 86' lang='lat' dir='ltr'>recognoscendi</span> <span class='ocrx_word' id='word_1_111' title='bbox 670 1440 789 1500; x_wconf 90' lang='lat' dir='ltr'>nomina</span> <span class='ocrx_word' id='word_1_112' title='bbox 802 1440 985 1516; x_wconf 84' lang='lat' dir='ltr'>captivorum</span> <span class='ocrx_word' id='word_1_113' title='bbox 999 1439 1036 1498; x_wconf 83' lang='lat' dir='ltr'>ed</span> <span class='ocrx_word' id='word_1_114' title='bbox 1058 1438 1173 1499; x_wconf 84' lang='lat' dir='ltr'>Hanni-</span> 
     </span>
    </p>
   </div>
   <div class='ocr_carea' id='block_1_3' title="bbox 81 1518 1175 1600">
    <p class='ocr_par' dir='ltr' id='par_1_6' title="bbox 81 1518 1175 1600">
     <span class='ocr_line' id='line_1_16' title="bbox 81 1518 1175 1600; baseline -0.004 -17"><span class='ocrx_word' id='word_1_115' title='bbox 81 1583 90 1596; x_wconf 70' lang='grc'>,</span> <span class='ocrx_word' id='word_1_116' title='bbox 172 1525 210 1582; x_wconf 77' lang='grc'>15</span> <span class='ocrx_word' id='word_1_117' title='bbox 220 1519 318 1578; x_wconf 75' lang='lat' dir='ltr'>belem</span> <span class='ocrx_word' id='word_1_118' title='bbox 331 1539 369 1578; x_wconf 89' lang='lat' dir='ltr'>ex</span> <span class='ocrx_word' id='word_1_119' title='bbox 382 1521 487 1580; x_wconf 87' lang='lat' dir='ltr'>itinere</span> <span class='ocrx_word' id='word_1_120' title='bbox 500 1522 636 1600; x_wconf 78' lang='lat' dir='ltr'>regressi,</span> <span class='ocrx_word' id='word_1_121' title='bbox 650 1520 791 1598; x_wconf 86' lang='lat' dir='ltr'>religione</span> <span class='ocrx_word' id='word_1_122' title='bbox 804 1537 869 1578; x_wconf 88' lang='lat' dir='ltr'>seso</span> <span class='ocrx_word' id='word_1_123' title='bbox 883 1518 1085 1578; x_wconf 83' lang='lat' dir='ltr'>exsolvissent.</span> <span class='ocrx_word' id='word_1_124' title='bbox 1127 1518 1175 1580; x_wconf 86' lang='lat' dir='ltr'>De</span> 
     </span>
    </p>
   </div>
   <div class='ocr_carea' id='block_1_4' title="bbox 171 1598 1207 3189">
    <p class='ocr_par' dir='ltr' id='par_1_7' title="bbox 171 1598 1207 3189">
     <span class='ocr_line' id='line_1_17' title="bbox 218 1598 1173 1677; baseline -0.001 -19"><span class='ocrx_word' id='word_1_125' title='bbox 218 1598 258 1658; x_wconf 92' lang='lat' dir='ltr'>iis</span> <span class='ocrx_word' id='word_1_126' title='bbox 279 1599 418 1658; x_wconf 86' lang='lat' dir='ltr'>dedendis</span> <span class='ocrx_word' id='word_1_127' title='bbox 441 1617 550 1677; x_wconf 85' lang='lat' dir='ltr'>magna</span> <span class='ocrx_word' id='word_1_128' title='bbox 575 1601 757 1658; x_wconf 87' lang='lat' dir='ltr'>contentione</span> <span class='ocrx_word' id='word_1_129' title='bbox 784 1606 884 1656; x_wconf 89' lang='lat' dir='ltr'>actum</span> <span class='ocrx_word' id='word_1_130' title='bbox 908 1599 942 1656; x_wconf 90' lang='lat' dir='ltr'>in</span> <span class='ocrx_word' id='word_1_131' title='bbox 969 1607 1074 1656; x_wconf 86' lang='lat' dir='ltr'>senatu</span> <span class='ocrx_word' id='word_1_132' title='bbox 1097 1615 1173 1671; x_wconf 89' lang='lat' dir='ltr'>esse,</span> 
     </span>
     <span class='ocr_line' id='line_1_18' title="bbox 219 1675 1207 1756; baseline 0.001 -20"><span class='ocrx_word' id='word_1_133' title='bbox 219 1678 370 1756; x_wconf 86' lang='lat' dir='ltr'>victosque</span> <span class='ocrx_word' id='word_1_134' title='bbox 389 1681 494 1756; x_wconf 89' lang='lat' dir='ltr'>paucis</span> <span class='ocrx_word' id='word_1_135' title='bbox 508 1679 667 1748; x_wconf 86' lang='lat' dir='ltr'>sententiis,</span> <span class='ocrx_word' id='word_1_136' title='bbox 682 1679 734 1753; x_wconf 88' lang='lat' dir='ltr'>qui</span> <span class='ocrx_word' id='word_1_137' title='bbox 753 1675 898 1736; x_wconf 89' lang='lat' dir='ltr'>dedendos</span> <span class='ocrx_word' id='word_1_138' title='bbox 918 1679 1104 1738; x_wconf 87' lang='lat' dir='ltr'>censuerint:</span> <span class='ocrx_word' id='word_1_139' title='bbox 1126 1697 1174 1737; x_wconf 89' lang='lat' dir='ltr'>oe·</span> <span class='ocrx_word' id='word_1_140' title='bbox 1204 1735 1207 1744; x_wconf 90' lang='grc'>,</span> 
     </span>
     <span class='ocr_line' id='line_1_19' title="bbox 219 1755 1173 1835; baseline 0.002 -21"><span class='ocrx_word' id='word_1_141' title='bbox 219 1763 317 1814; x_wconf 89' lang='lat' dir='ltr'>terum</span> <span class='ocrx_word' id='word_1_142' title='bbox 329 1758 470 1835; x_wconf 82' lang='lat' dir='ltr'>proximis</span> <span class='ocrx_word' id='word_1_143' title='bbox 482 1756 652 1816; x_wconf 76' lang='lat' dir='ltr'>censoribus</span> <span class='ocrx_word' id='word_1_144' title='bbox 665 1755 738 1815; x_wconf 90' lang='lat' dir='ltr'>adeo</span> <span class='ocrx_word' id='word_1_145' title='bbox 750 1755 885 1816; x_wconf 88' lang='lat' dir='ltr'>omnibus</span> <span class='ocrx_word' id='word_1_146' title='bbox 898 1757 973 1815; x_wconf 90' lang='lat' dir='ltr'>notis</span> <span class='ocrx_word' id='word_1_147' title='bbox 993 1756 1173 1834; x_wconf 85' lang='lat' dir='ltr'>ignominiis-</span> 
     </span>
     <span class='ocr_line' id='line_1_20' title="bbox 220 1838 1176 1919; baseline 0.005 -23"><span class='ocrx_word' id='word_1_148' title='bbox 220 1855 279 1913; x_wconf 88' lang='lat' dir='ltr'>que</span> <span class='ocrx_word' id='word_1_149' title='bbox 300 1838 447 1898; x_wconf 79' lang='lat' dir='ltr'>coniectos</span> <span class='ocrx_word' id='word_1_150' title='bbox 470 1857 545 1911; x_wconf 89' lang='lat' dir='ltr'>esse,</span> <span class='ocrx_word' id='word_1_151' title='bbox 557 1846 593 1896; x_wconf 90' lang='lat' dir='ltr'>nt</span> <span class='ocrx_word' id='word_1_152' title='bbox 613 1839 736 1914; x_wconf 90' lang='lat' dir='ltr'>quidam</span> <span class='ocrx_word' id='word_1_153' title='bbox 759 1859 863 1899; x_wconf 89' lang='lat' dir='ltr'>eorum</span> <span class='ocrx_word' id='word_1_154' title='bbox 884 1847 1014 1900; x_wconf 90' lang='lat' dir='ltr'>mortem</span> <span class='ocrx_word' id='word_1_155' title='bbox 1037 1842 1097 1900; x_wconf 90' lang='lat' dir='ltr'>sibi</span> <span class='ocrx_word' id='word_1_156' title='bbox 1116 1842 1176 1919; x_wconf 89' lang='lat' dir='ltr'>ipsi</span> 
     </span>
     <span class='ocr_line' id='line_1_21' title="bbox 171 1916 1175 1994; baseline 0.005 -18"><span class='ocrx_word' id='word_1_157' title='bbox 171 1916 211 1977; x_wconf 79' lang='lat'>20</span> <span class='ocrx_word' id='word_1_158' title='bbox 221 1919 367 1994; x_wconf 86' lang='lat' dir='ltr'>extemplo</span> <span class='ocrx_word' id='word_1_159' title='bbox 380 1918 584 1991; x_wconf 85' lang='lat' dir='ltr'>consciverint,</span> <span class='ocrx_word' id='word_1_160' title='bbox 598 1919 689 1977; x_wconf 86' lang='lat' dir='ltr'>ceteri</span> <span class='ocrx_word' id='word_1_161' title='bbox 701 1937 761 1978; x_wconf 94' lang='lat' dir='ltr'>non</span> <span class='ocrx_word' id='word_1_162' title='bbox 780 1920 844 1978; x_wconf 89' lang='lat' dir='ltr'>foro</span> <span class='ocrx_word' id='word_1_163' title='bbox 858 1922 955 1979; x_wconf 88' lang='lat' dir='ltr'>selum</span> <span class='ocrx_word' id='word_1_164' title='bbox 968 1922 1050 1979; x_wconf 90' lang='lat' dir='ltr'>omni</span> <span class='ocrx_word' id='word_1_165' title='bbox 1067 1922 1175 1982; x_wconf 90' lang='lat' dir='ltr'>deinde</span> 
     </span>
     <span class='ocr_line' id='line_1_22' title="bbox 220 1997 1174 2079; baseline 0.005 -23"><span class='ocrx_word' id='word_1_166' title='bbox 220 1997 293 2070; x_wconf 85' lang='lat' dir='ltr'>vita,</span> <span class='ocrx_word' id='word_1_167' title='bbox 308 1999 360 2056; x_wconf 91' lang='lat' dir='ltr'>sed</span> <span class='ocrx_word' id='word_1_168' title='bbox 371 2017 462 2074; x_wconf 88' lang='lat' dir='ltr'>prope</span> <span class='ocrx_word' id='word_1_169' title='bbox 474 1998 540 2056; x_wconf 90' lang='lat' dir='ltr'>luce</span> <span class='ocrx_word' id='word_1_170' title='bbox 553 2016 589 2058; x_wconf 86' lang='lat' dir='ltr'>aa</span> <span class='ocrx_word' id='word_1_171' title='bbox 601 1999 729 2074; x_wconf 91' lang='lat' dir='ltr'>publico,</span> <span class='ocrx_word' id='word_1_172' title='bbox 744 2000 903 2058; x_wconf 81' lang='lat' dir='ltr'>caruerint.</span> <span class='ocrx_word' id='word_1_173' title='bbox 944 2001 1054 2060; x_wconf 85' lang='lat' dir='ltr'>Mirari</span> <span class='ocrx_word' id='word_1_174' title='bbox 1063 2003 1174 2079; x_wconf 85' lang='lat' dir='ltr'>magis,</span> 
     </span>
     <span class='ocr_line' id='line_1_23' title="bbox 220 2077 1175 2156; baseline 0.004 -20"><span class='ocrx_word' id='word_1_175' title='bbox 220 2077 295 2136; x_wconf 89' lang='lat' dir='ltr'>adeo</span> <span class='ocrx_word' id='word_1_176' title='bbox 308 2078 474 2154; x_wconf 75' lang='lat' dir='ltr'>discrepare</span> <span class='ocrx_word' id='word_1_177' title='bbox 486 2078 564 2138; x_wconf 88' lang='lat' dir='ltr'>inter</span> <span class='ocrx_word' id='word_1_178' title='bbox 577 2086 722 2153; x_wconf 86' lang='lat' dir='ltr'>auctores,</span> <span class='ocrx_word' id='word_1_179' title='bbox 737 2099 828 2156; x_wconf 86' lang='lat' dir='ltr'>quam</span> <span class='ocrx_word' id='word_1_180' title='bbox 841 2081 914 2156; x_wconf 89' lang='lat' dir='ltr'>quid</span> <span class='ocrx_word' id='word_1_181' title='bbox 925 2081 991 2140; x_wconf 81' lang='lat' dir='ltr'>veri</span> <span class='ocrx_word' id='word_1_182' title='bbox 1010 2081 1051 2141; x_wconf 89' lang='lat' dir='ltr'>sit</span> <span class='ocrx_word' id='word_1_183' title='bbox 1063 2082 1175 2142; x_wconf 86' lang='lat' dir='ltr'>discer-</span> 
     </span>
     <span class='ocr_line' id='line_1_24' title="bbox 219 2174 690 2216; baseline 0.002 -2"><span class='ocrx_word' id='word_1_184' title='bbox 219 2174 290 2214; x_wconf 91' lang='lat' dir='ltr'>nere</span> <span class='ocrx_word' id='word_1_185' title='bbox 327 2175 411 2216; x_wconf 85' lang='lat' dir='ltr'>neas.</span> <span class='ocrx_word' id='word_1_186' title='bbox 687 2209 690 2215; x_wconf 90' lang='lat'>.</span> 
     </span>
     <span class='ocr_line' id='line_1_25' title="bbox 261 2174 1176 2314; baseline 0.007 -23"><span class='ocrx_word' id='word_1_187' title='bbox 261 2174 380 2300; x_wconf 66' lang='lat' dir='ltr'>Quinto</span> <span class='ocrx_word' id='word_1_188' title='bbox 401 2243 500 2293; x_wconf 87' lang='lat' dir='ltr'>autem</span> <span class='ocrx_word' id='word_1_189' title='bbox 523 2233 674 2311; x_wconf 83' lang='lat' dir='ltr'>majores</span> <span class='ocrx_word' id='word_1_190' title='bbox 695 2232 795 2294; x_wconf 83' lang='lat' dir='ltr'>clades</span> <span class='ocrx_word' id='word_1_191' title='bbox 818 2234 1016 2314; x_wconf 88' lang='lat' dir='ltr'>superioribus</span> <span class='ocrx_word' id='word_1_192' title='bbox 1039 2235 1176 2297; x_wconf 85' lang='lat' dir='ltr'>clsdibus</span> 
     </span>
     <span class='ocr_line' id='line_1_26' title="bbox 171 2308 1175 2392; baseline 0.002 -18"><span class='ocrx_word' id='word_1_193' title='bbox 171 2317 211 2374; x_wconf 75' lang='lat'>25</span> <span class='ocrx_word' id='word_1_194' title='bbox 222 2308 320 2382; x_wconf 84' lang='lat' dir='ltr'>suerit,</span> <span class='ocrx_word' id='word_1_195' title='bbox 335 2311 382 2370; x_wconf 87' lang='lat' dir='ltr'>rel</span> <span class='ocrx_word' id='word_1_196' title='bbox 402 2331 440 2370; x_wconf 93' lang='lat' dir='ltr'>ea</span> <span class='ocrx_word' id='word_1_197' title='bbox 453 2331 501 2371; x_wconf 89' lang='lat' dir='ltr'>res</span> <span class='ocrx_word' id='word_1_198' title='bbox 514 2312 623 2374; x_wconf 91' lang='lat' dir='ltr'>indicio</span> <span class='ocrx_word' id='word_1_199' title='bbox 636 2323 689 2384; x_wconf 89' lang='lat' dir='ltr'>est,</span> <span class='ocrx_word' id='word_1_200' title='bbox 704 2313 781 2390; x_wconf 93' lang='lat' dir='ltr'>quod</span> <span class='ocrx_word' id='word_1_201' title='bbox 800 2314 873 2374; x_wconf 86' lang='lat' dir='ltr'>fides</span> <span class='ocrx_word' id='word_1_202' title='bbox 885 2315 1040 2386; x_wconf 90' lang='lat' dir='ltr'>sociorum,</span> <span class='ocrx_word' id='word_1_203' title='bbox 1054 2335 1123 2392; x_wconf 85' lang='lat' dir='ltr'>quae</span> <span class='ocrx_word' id='word_1_204' title='bbox 1137 2317 1175 2376; x_wconf 85' lang='lat' dir='ltr'>ud</span> 
     </span>
     <span class='ocr_line' id='line_1_27' title="bbox 221 2390 1175 2472; baseline 0.007 -23"><span class='ocrx_word' id='word_1_205' title='bbox 221 2409 291 2450; x_wconf 91' lang='lat' dir='ltr'>eum</span> <span class='ocrx_word' id='word_1_206' title='bbox 304 2390 382 2449; x_wconf 92' lang='lat' dir='ltr'>diem</span> <span class='ocrx_word' id='word_1_207' title='bbox 395 2391 481 2450; x_wconf 87' lang='lat' dir='ltr'>firma</span> <span class='ocrx_word' id='word_1_208' title='bbox 493 2401 620 2464; x_wconf 87' lang='lat' dir='ltr'>steterat,</span> <span class='ocrx_word' id='word_1_209' title='bbox 634 2402 698 2451; x_wconf 89' lang='lat' dir='ltr'>tum</span> <span class='ocrx_word' id='word_1_210' title='bbox 718 2393 818 2454; x_wconf 85' lang='lat' dir='ltr'>labare</span> <span class='ocrx_word' id='word_1_211' title='bbox 832 2395 929 2471; x_wconf 87' lang='lat' dir='ltr'>coepit,</span> <span class='ocrx_word' id='word_1_212' title='bbox 943 2394 1027 2453; x_wconf 92' lang='lat' dir='ltr'>nulla</span> <span class='ocrx_word' id='word_1_213' title='bbox 1044 2393 1175 2472; x_wconf 88' lang='lat' dir='ltr'>profecto</span> 
     </span>
     <span class='ocr_line' id='line_1_28' title="bbox 215 2469 1173 2551; baseline 0.006 -23"><span class='ocrx_word' id='word_1_214' title='bbox 215 2469 282 2542; x_wconf 71' lang='lat' dir='ltr'>‚alia</span> <span class='ocrx_word' id='word_1_215' title='bbox 294 2470 331 2530; x_wconf 90' lang='lat' dir='ltr'>de</span> <span class='ocrx_word' id='word_1_216' title='bbox 344 2488 377 2529; x_wconf 89' lang='lat' dir='ltr'>re</span> <span class='ocrx_word' id='word_1_217' title='bbox 390 2489 480 2548; x_wconf 87' lang='lat' dir='ltr'>quarn</span> <span class='ocrx_word' id='word_1_218' title='bbox 493 2471 570 2550; x_wconf 91' lang='lat' dir='ltr'>quod</span> <span class='ocrx_word' id='word_1_219' title='bbox 583 2471 808 2551; x_wconf 86' lang='lat' dir='ltr'>desperaverant</span> <span class='ocrx_word' id='word_1_220' title='bbox 821 2473 857 2532; x_wconf 86' lang='lat' dir='ltr'>de</span> <span class='ocrx_word' id='word_1_221' title='bbox 871 2475 1001 2551; x_wconf 89' lang='lat' dir='ltr'>imperio.</span> <span class='ocrx_word' id='word_1_222' title='bbox 1024 2473 1173 2535; x_wconf 87' lang='lat' dir='ltr'>Defecere</span> 
     </span>
     <span class='ocr_line' id='line_1_29' title="bbox 222 2550 1174 2632; baseline 0.006 -25"><span class='ocrx_word' id='word_1_223' title='bbox 222 2559 321 2620; x_wconf 83' lang='lat' dir='ltr'>autem</span> <span class='ocrx_word' id='word_1_224' title='bbox 345 2550 383 2608; x_wconf 92' lang='lat' dir='ltr'>ad</span> <span class='ocrx_word' id='word_1_225' title='bbox 406 2551 513 2611; x_wconf 87' lang='lat' dir='ltr'>Poenos</span> <span class='ocrx_word' id='word_1_226' title='bbox 533 2552 564 2610; x_wconf 93' lang='lat' dir='ltr'>hi</span> <span class='ocrx_word' id='word_1_227' title='bbox 585 2553 693 2632; x_wconf 90' lang='lat' dir='ltr'>populi,</span> <span class='ocrx_word' id='word_1_228' title='bbox 718 2552 858 2624; x_wconf 88' lang='lat' dir='ltr'>Atellani,</span> <span class='ocrx_word' id='word_1_229' title='bbox 882 2553 1018 2624; x_wconf 81' lang='lat' dir='ltr'>Calatini,</span> <span class='ocrx_word' id='word_1_230' title='bbox 1044 2553 1174 2632; x_wconf 88' lang='lat' dir='ltr'>Hirpini,</span> 
     </span>
     <span class='ocr_line' id='line_1_30' title="bbox 222 2630 1173 2710; baseline 0.004 -22"><span class='ocrx_word' id='word_1_231' title='bbox 222 2630 389 2709; x_wconf 84' lang='lat' dir='ltr'>Apulorum</span> <span class='ocrx_word' id='word_1_232' title='bbox 410 2651 487 2709; x_wconf 88' lang='lat' dir='ltr'>pars,</span> <span class='ocrx_word' id='word_1_233' title='bbox 508 2631 655 2692; x_wconf 86' lang='lat' dir='ltr'>Samnites</span> <span class='ocrx_word' id='word_1_234' title='bbox 672 2642 777 2710; x_wconf 87' lang='lat' dir='ltr'>praeter</span> <span class='ocrx_word' id='word_1_235' title='bbox 797 2632 926 2704; x_wconf 88' lang='lat' dir='ltr'>Pentros,</span> <span class='ocrx_word' id='word_1_236' title='bbox 941 2633 1048 2692; x_wconf 88' lang='lat' dir='ltr'>Bruttii</span> <span class='ocrx_word' id='word_1_237' title='bbox 1061 2652 1173 2706; x_wconf 89' lang='lat' dir='ltr'>omnes,</span> 
     </span>
     <span class='ocr_line' id='line_1_31' title="bbox 172 2708 1173 2789; baseline 0.002 -17"><span class='ocrx_word' id='word_1_238' title='bbox 172 2715 212 2772; x_wconf 77' lang='lat'>30</span> <span class='ocrx_word' id='word_1_239' title='bbox 222 2708 357 2770; x_wconf 88' lang='lat' dir='ltr'>Lucani:</span> <span class='ocrx_word' id='word_1_240' title='bbox 377 2722 483 2789; x_wconf 84' lang='lat' dir='ltr'>praeter</span> <span class='ocrx_word' id='word_1_241' title='bbox 496 2712 548 2771; x_wconf 94' lang='lat' dir='ltr'>hos</span> <span class='ocrx_word' id='word_1_242' title='bbox 561 2713 727 2771; x_wconf 81' lang='lat' dir='ltr'>Surrentini</span> <span class='ocrx_word' id='word_1_243' title='bbox 741 2721 770 2771; x_wconf 91' lang='lat' dir='ltr'>et</span> <span class='ocrx_word' id='word_1_244' title='bbox 784 2712 956 2771; x_wconf 76' lang='lat' dir='ltr'>Graeoorum</span> <span class='ocrx_word' id='word_1_245' title='bbox 969 2714 1064 2772; x_wconf 89' lang='lat' dir='ltr'>omnis</span> <span class='ocrx_word' id='word_1_246' title='bbox 1079 2712 1173 2774; x_wconf 87' lang='lat' dir='ltr'>ferme</span> 
     </span>
     <span class='ocr_line' id='line_1_32' title="bbox 220 2790 1174 2870; baseline 0.005 -23"><span class='ocrx_word' id='word_1_247' title='bbox 220 2808 282 2861; x_wconf 89' lang='lat' dir='ltr'>ora,</span> <span class='ocrx_word' id='word_1_248' title='bbox 306 2790 470 2862; x_wconf 85' lang='lat' dir='ltr'>Tarentini,</span> <span class='ocrx_word' id='word_1_249' title='bbox 495 2791 695 2870; x_wconf 89' lang='lat' dir='ltr'>Metapontini,</span> <span class='ocrx_word' id='word_1_250' title='bbox 717 2793 928 2864; x_wconf 85' lang='lat' dir='ltr'>Crotonienses,</span> <span class='ocrx_word' id='word_1_251' title='bbox 956 2792 1115 2870; x_wconf 88' lang='lat' dir='ltr'>Locrique,</span> <span class='ocrx_word' id='word_1_252' title='bbox 1144 2803 1174 2853; x_wconf 88' lang='lat' dir='ltr'>et</span> 
     </span>
     <span class='ocr_line' id='line_1_33' title="bbox 221 2868 1172 2946; baseline 0.003 -17"><span class='ocrx_word' id='word_1_253' title='bbox 221 2868 363 2946; x_wconf 86' lang='lat' dir='ltr'>Cisalpini</span> <span class='ocrx_word' id='word_1_254' title='bbox 385 2889 486 2929; x_wconf 90' lang='lat' dir='ltr'>omnes</span> <span class='ocrx_word' id='word_1_255' title='bbox 507 2871 598 2930; x_wconf 87' lang='lat' dir='ltr'>Galli.</span> <span class='ocrx_word' id='word_1_256' title='bbox 640 2872 708 2932; x_wconf 88' lang='lat' dir='ltr'>Neo</span> <span class='ocrx_word' id='word_1_257' title='bbox 732 2882 829 2932; x_wconf 84' lang='lat' dir='ltr'>temen</span> <span class='ocrx_word' id='word_1_258' title='bbox 851 2891 894 2932; x_wconf 79' lang='lat' dir='ltr'>ers</span> <span class='ocrx_word' id='word_1_259' title='bbox 914 2873 1014 2932; x_wconf 85' lang='lat' dir='ltr'>clades</span> <span class='ocrx_word' id='word_1_260' title='bbox 1034 2872 1172 2932; x_wconf 84' lang='lat' dir='ltr'>defectio-</span> 
     </span>
     <span class='ocr_line' id='line_1_34' title="bbox 221 2950 1173 3031; baseline 0.004 -25"><span class='ocrx_word' id='word_1_261' title='bbox 221 2966 332 3024; x_wconf 89' lang='lat' dir='ltr'>nesque</span> <span class='ocrx_word' id='word_1_262' title='bbox 345 2950 490 3008; x_wconf 91' lang='lat' dir='ltr'>sociorum</span> <span class='ocrx_word' id='word_1_263' title='bbox 503 2962 665 3024; x_wconf 87' lang='lat' dir='ltr'>moverunt,</span> <span class='ocrx_word' id='word_1_264' title='bbox 681 2961 713 3011; x_wconf 91' lang='lat' dir='ltr'>ut</span> <span class='ocrx_word' id='word_1_265' title='bbox 732 2953 814 3030; x_wconf 85' lang='lat' dir='ltr'>pacis</span> <span class='ocrx_word' id='word_1_266' title='bbox 827 2971 958 3030; x_wconf 90' lang='lat' dir='ltr'>unquam</span> <span class='ocrx_word' id='word_1_267' title='bbox 971 2953 1080 3012; x_wconf 88' lang='lat' dir='ltr'>mentio</span> <span class='ocrx_word' id='word_1_268' title='bbox 1094 2952 1173 3031; x_wconf 90' lang='lat' dir='ltr'>apud</span> 
     </span>
     <span class='ocr_line' id='line_1_35' title="bbox 222 3026 1171 3110; baseline 0.005 -25"><span class='ocrx_word' id='word_1_269' title='bbox 222 3026 369 3086; x_wconf 86' lang='lat' dir='ltr'>Romanos</span> <span class='ocrx_word' id='word_1_270' title='bbox 390 3028 482 3101; x_wconf 89' lang='lat' dir='ltr'>fieret,</span> <span class='ocrx_word' id='word_1_271' title='bbox 501 3049 597 3107; x_wconf 86' lang='lat' dir='ltr'>neque</span> <span class='ocrx_word' id='word_1_272' title='bbox 619 3042 687 3091; x_wconf 87' lang='lat' dir='ltr'>ante</span> <span class='ocrx_word' id='word_1_273' title='bbox 701 3032 837 3110; x_wconf 27' lang='lat' dir='ltr'>&#39;consulis</span> <span class='ocrx_word' id='word_1_274' title='bbox 857 3032 981 3092; x_wconf 86' lang='lat' dir='ltr'>Romam</span> <span class='ocrx_word' id='word_1_275' title='bbox 1002 3032 1171 3104; x_wconf 89' lang='lat' dir='ltr'>adventum,</span> 
     </span>
     <span class='ocr_line' id='line_1_36' title="bbox 173 3110 1173 3189; baseline 0.004 -21"><span class='ocrx_word' id='word_1_276' title='bbox 173 3111 278 3168; x_wconf 75' lang='lat' dir='ltr'>Sduec</span> <span class='ocrx_word' id='word_1_277' title='bbox 301 3116 453 3185; x_wconf 87' lang='lat' dir='ltr'>postquam</span> <span class='ocrx_word' id='word_1_278' title='bbox 475 3111 501 3168; x_wconf 93' lang='lat' dir='ltr'>is</span> <span class='ocrx_word' id='word_1_279' title='bbox 525 3110 610 3170; x_wconf 91' lang='lat' dir='ltr'>rediit</span> <span class='ocrx_word' id='word_1_280' title='bbox 630 3113 837 3188; x_wconf 90' lang='lat' dir='ltr'>renovavitque</span> <span class='ocrx_word' id='word_1_281' title='bbox 858 3113 1027 3171; x_wconf 87' lang='lat' dir='ltr'>memoriam</span> <span class='ocrx_word' id='word_1_282' title='bbox 1041 3122 1173 3189; x_wconf 68' lang='lat' dir='ltr'>acceptu</span> 
     </span>
    </p>
   </div>
   <div class='ocr_carea' id='block_1_5' title="bbox 222 3185 1287 3271">
    <p class='ocr_par' dir='ltr' id='par_1_8' title="bbox 222 3185 1287 3271">
     <span class='ocr_line' id='line_1_37' title="bbox 222 3185 1287 3271; baseline 0.002 -23"><span class='ocrx_word' id='word_1_283' title='bbox 222 3185 325 3248; x_wconf 87' lang='lat' dir='ltr'>eladis.</span> <span class='ocrx_word' id='word_1_284' title='bbox 365 3188 435 3256; x_wconf 84' lang='lat' dir='ltr'>Quo</span> <span class='ocrx_word' id='word_1_285' title='bbox 457 3188 489 3248; x_wconf 92' lang='lat' dir='ltr'>in</span> <span class='ocrx_word' id='word_1_286' title='bbox 512 3200 641 3271; x_wconf 84' lang='lat' dir='ltr'>ternpore</span> <span class='ocrx_word' id='word_1_287' title='bbox 660 3192 724 3269; x_wconf 86' lang='lat' dir='ltr'>ipso</span> <span class='ocrx_word' id='word_1_288' title='bbox 744 3192 815 3252; x_wconf 90' lang='lat' dir='ltr'>adeo</span> <span class='ocrx_word' id='word_1_289' title='bbox 835 3210 941 3270; x_wconf 84' lang='lat' dir='ltr'>magno</span> <span class='ocrx_word' id='word_1_290' title='bbox 955 3193 1052 3250; x_wconf 82' lang='lat' dir='ltr'>animo</span> <span class='ocrx_word' id='word_1_291' title='bbox 1066 3193 1172 3252; x_wconf 88' lang='lat' dir='ltr'>civitas</span> <span class='ocrx_word' id='word_1_292' title='bbox 1284 3245 1287 3250; x_wconf 90' lang='lat'>.</span> 
     </span>
    </p>
   </div>
   <div class='ocr_carea' id='block_1_6' title="bbox 173 3266 1171 3670">
    <p class='ocr_par' dir='ltr' id='par_1_9' title="bbox 220 3266 1171 3510">
     <span class='ocr_line' id='line_1_38' title="bbox 222 3266 1168 3350; baseline 0.003 -23"><span class='ocrx_word' id='word_1_293' title='bbox 222 3266 286 3339; x_wconf 83' lang='lat' dir='ltr'>fuit,</span> <span class='ocrx_word' id='word_1_294' title='bbox 301 3277 333 3328; x_wconf 94' lang='lat' dir='ltr'>ut</span> <span class='ocrx_word' id='word_1_295' title='bbox 353 3267 467 3328; x_wconf 89' lang='lat' dir='ltr'>consuli</span> <span class='ocrx_word' id='word_1_296' title='bbox 487 3274 525 3329; x_wconf 84' lang='lat' dir='ltr'>ex</span> <span class='ocrx_word' id='word_1_297' title='bbox 545 3278 625 3330; x_wconf 90' lang='lat' dir='ltr'>tanta</span> <span class='ocrx_word' id='word_1_298' title='bbox 637 3270 731 3343; x_wconf 88' lang='lat' dir='ltr'>clade,</span> <span class='ocrx_word' id='word_1_299' title='bbox 746 3272 832 3350; x_wconf 89' lang='lat' dir='ltr'>cujus</span> <span class='ocrx_word' id='word_1_300' title='bbox 853 3272 915 3349; x_wconf 88' lang='lat' dir='ltr'>ipse</span> <span class='ocrx_word' id='word_1_301' title='bbox 935 3291 1026 3331; x_wconf 89' lang='lat' dir='ltr'>causa</span> <span class='ocrx_word' id='word_1_302' title='bbox 1040 3272 1168 3330; x_wconf 83' lang='lat' dir='ltr'>maxims</span> 
     </span>
     <span class='ocr_line' id='line_1_39' title="bbox 222 3344 1171 3429; baseline 0.006 -24"><span class='ocrx_word' id='word_1_303' title='bbox 222 3344 332 3419; x_wconf 87' lang='lat' dir='ltr'>fuisset,</span> <span class='ocrx_word' id='word_1_304' title='bbox 354 3349 495 3421; x_wconf 89' lang='lat' dir='ltr'>redeunti,</span> <span class='ocrx_word' id='word_1_305' title='bbox 514 3358 544 3410; x_wconf 93' lang='lat' dir='ltr'>et</span> <span class='ocrx_word' id='word_1_306' title='bbox 563 3351 678 3410; x_wconf 88' lang='lat' dir='ltr'>obviam</span> <span class='ocrx_word' id='word_1_307' title='bbox 698 3353 771 3411; x_wconf 90' lang='lat' dir='ltr'>itum</span> <span class='ocrx_word' id='word_1_308' title='bbox 792 3351 958 3429; x_wconf 83' lang='lat' dir='ltr'>frequenter</span> <span class='ocrx_word' id='word_1_309' title='bbox 978 3353 1015 3410; x_wconf 88' lang='lat' dir='ltr'>ab</span> <span class='ocrx_word' id='word_1_310' title='bbox 1035 3352 1171 3411; x_wconf 87' lang='lat' dir='ltr'>omnibus</span> 
     </span>
     <span class='ocr_line' id='line_1_40' title="bbox 220 3427 1169 3510; baseline 0.005 -25"><span class='ocrx_word' id='word_1_311' title='bbox 220 3427 370 3488; x_wconf 90' lang='lat' dir='ltr'>ordinibus</span> <span class='ocrx_word' id='word_1_312' title='bbox 382 3430 428 3501; x_wconf 89' lang='lat' dir='ltr'>sit,</span> <span class='ocrx_word' id='word_1_313' title='bbox 439 3439 468 3489; x_wconf 91' lang='lat' dir='ltr'>et</span> <span class='ocrx_word' id='word_1_314' title='bbox 478 3431 581 3508; x_wconf 58' lang='lat' dir='ltr'>ffatim</span> <span class='ocrx_word' id='word_1_315' title='bbox 594 3443 667 3491; x_wconf 84' lang='lat' dir='ltr'>actae</span> <span class='ocrx_word' id='word_1_316' title='bbox 681 3431 758 3509; x_wconf 93' lang='lat' dir='ltr'>quod</span> <span class='ocrx_word' id='word_1_317' title='bbox 768 3431 803 3492; x_wconf 91' lang='lat' dir='ltr'>de</span> <span class='ocrx_word' id='word_1_318' title='bbox 818 3451 850 3492; x_wconf 90' lang='lat' dir='ltr'>re</span> <span class='ocrx_word' id='word_1_319' title='bbox 864 3430 983 3510; x_wconf 78' lang='lat' dir='ltr'>publiea</span> <span class='ocrx_word' id='word_1_320' title='bbox 996 3449 1054 3490; x_wconf 91' lang='lat' dir='ltr'>non</span> <span class='ocrx_word' id='word_1_321' title='bbox 1068 3430 1169 3509; x_wconf 88' lang='lat' dir='ltr'>despe-</span> 
     </span>
    </p>

    <p class='ocr_par' dir='ltr' id='par_1_10' title="bbox 173 3507 1169 3670">
     <span class='ocr_line' id='line_1_41' title="bbox 173 3507 1169 3590; baseline 0.009 -27"><span class='ocrx_word' id='word_1_322' title='bbox 173 3507 212 3564; x_wconf 76' lang='lat' dir='ltr'>tt)</span> <span class='ocrx_word' id='word_1_323' title='bbox 223 3518 331 3567; x_wconf 86' lang='lat' dir='ltr'>resset:</span> <span class='ocrx_word' id='word_1_324' title='bbox 351 3510 442 3586; x_wconf 89' lang='lat' dir='ltr'>quisi</span> <span class='ocrx_word' id='word_1_325' title='bbox 456 3509 740 3590; x_wconf 86' lang='lat' dir='ltr'>Carthaginiensium</span> <span class='ocrx_word' id='word_1_326' title='bbox 754 3512 856 3572; x_wconf 91' lang='lat' dir='ltr'>ductor</span> <span class='ocrx_word' id='word_1_327' title='bbox 870 3511 981 3584; x_wconf 83' lang='lat' dir='ltr'>fuisset,</span> <span class='ocrx_word' id='word_1_328' title='bbox 996 3511 1069 3571; x_wconf 89' lang='lat' dir='ltr'>nihil</span> <span class='ocrx_word' id='word_1_329' title='bbox 1085 3530 1169 3572; x_wconf 86' lang='lat' dir='ltr'>recu·</span> 
     </span>
     <span class='ocr_line' id='line_1_42' title="bbox 220 3585 589 3670; baseline 0.016 -26"><span class='ocrx_word' id='word_1_330' title='bbox 220 3585 345 3647; x_wconf 86' lang='lat' dir='ltr'>eandum</span> <span class='ocrx_word' id='word_1_331' title='bbox 357 3587 493 3670; x_wconf 87' lang='lat' dir='ltr'>supplicii</span> <span class='ocrx_word' id='word_1_332' title='bbox 507 3589 589 3650; x_wconf 82' lang='lat' dir='ltr'>foret.</span> 
     </span>
    </p>
   </div>
   <div class='ocr_carea' id='block_1_7' title="bbox 0 0 1364 4292">
    <p class='ocr_par' dir='ltr' id='par_1_11' title="bbox 0 0 1364 4292">
     <span class='ocr_line' id='line_1_43' title="bbox 0 0 1364 4292; baseline 0 0"><span class='ocrx_word' id='word_1_333' title='bbox 0 0 1364 4292; x_wconf 95' lang='lat' dir='ltr'> </span> 
     </span>
    </p>
   </div>
  </div>
 </body>
</html>
