2717 4292
497 258 584 299 ursan
605 260 668 301 xxi.
710 262 776 303 car.
799 263 858 326 iri.
1114 258 1173 321 135

111 420 115 433 ι
174 387 379 445 resistentibus
403 388 498 446 subito
519 386 550 447 N
552 390 659 448 umidis
679 392 789 452 incauti
811 394 1023 471 exciperentur,
1044 401 1128 480 signo

174 468 309 544 receptui
332 466 407 537 dato,
431 478 580 527 revocatos
602 471 794 529 circumdedit
815 474 968 549 peditibus.
1010 477 1126 539 Duode-

175 546 279 622 viginti
294 546 388 603 millia
403 547 528 604 Romani
537 559 627 618 erant,
637 551 749 607 socium
757 554 881 610 nominis
895 553 994 613 Latini
1004 559 1124 636 viginti3

173 625 288 682 auxilia
304 636 445 700 praeterea
458 626 711 685 Cenomanorum:
733 649 769 687 ea
782 632 845 688 sola
864 633 895 689 in
909 634 965 691 fide
979 649 1127 698 manserat

173 703 295 761 Gallica
309 723 392 781 gens·
428 704 485 763 His
494 708 584 784 copiis
595 726 771 765 concursum
786 721 839 768 est.
882 711 1023 772 Proelium
1038 737 1055 774 a
1069 717 1155 777 Bas

172 782 306 839 learibus
328 794 423 841 ortum
448 794 508 842 est:
537 785 730 862 quibuscum
749 789 858 863 majore
878 793 979 850 robore
997 794 1126 872 legiones

172 862 355 933 obsisterent,
381 862 511 921 deducta:
534 883 653 941 propere
676 867 707 923 in
732 886 842 925 cornua
866 870 947 927 leves
970 885 1125 933 armaturae

173 950 252 1010 sunt,
275 960 409 1017 quaeres
433 943 538 1014 effecit,
568 955 599 1002 ut
626 946 773 1021 equitatus
803 947 954 1007 Romanus
981 955 1125 1030 extemplo

175 1030 349 1095 urgeretur:
378 1040 447 1078 nam
468 1041 536 1080 curn
558 1024 607 1080 vix
628 1024 691 1099 jam
712 1044 765 1102 per
784 1046 816 1083 ae
837 1029 1004 1089 resisterent
1023 1031 1124 1090 decern
1261 1098 1264 1103 .

174 1098 307 1156 millibus
321 1101 452 1175 equitum
462 1111 598 1177 quattuor
609 1104 711 1173 millia,
721 1115 750 1162 et
761 1104 829 1163 fessi
840 1107 960 1185 integris
969 1110 1124 1187 plerisque,
1136 1119 1174 1173 10

174 1178 271 1235 obruti
293 1189 362 1236 sunt
382 1180 501 1257 insuper
525 1181 605 1238 velut
625 1183 703 1239 nube
722 1184 889 1259 jaculorum
910 1207 926 1244 a
952 1188 1125 1250 Balearibus

175 1257 324 1333 conjecta:
339 1258 375 1314 ad
386 1260 439 1316 hoc
451 1260 605 1335 elephanti,
617 1262 776 1319 eminentes
786 1264 822 1320 ab
832 1268 969 1325 extremis
977 1271 1123 1341 cornibus,

175 1337 259 1413 equis
280 1338 407 1395 maxime
427 1357 485 1395 non
506 1340 570 1396 visu
586 1340 678 1409 modo,
699 1341 749 1397 sed
769 1342 854 1400 odore
874 1345 987 1403 insolito
1007 1350 1123 1419 territis,

68 1450 70 1453 -
175 1414 277 1491 fugam
292 1415 350 1473 late
366 1415 520 1477 faciebant.
563 1418 707 1475 Pedestria
721 1438 820 1496 pugna
841 1440 894 1497 par
908 1426 1012 1483 animis
1030 1428 1124 1503 magis

174 1514 264 1570 quam
280 1496 391 1552 viribus
406 1506 476 1566 erat,
487 1515 560 1572 quas
574 1498 831 1556 recentes-Poenus
842 1501 929 1577 paulo
939 1513 1004 1561 aute
1014 1508 1124 1563 curatis
1135 1513 1172 1567 15

175 1574 346 1649 corporibus
361 1574 391 1631 in
405 1576 543 1651 proelium
563 1576 717 1635 attulerat:
746 1589 846 1635 contra
867 1580 970 1656 jejuna
991 1581 1124 1660 fessaque

175 1670 298 1729 corpora
313 1652 452 1712 Romanis
467 1664 496 1712 et
516 1656 639 1733 rigentia
653 1656 722 1732 gelu
741 1658 898 1733 torpebant.
942 1660 1124 1722 Restitissent

174 1741 273 1789 temen
293 1733 406 1803 animis,
421 1734 447 1791 si
468 1752 536 1797 cum
551 1734 644 1809 pedite
665 1736 759 1792 solum
781 1735 853 1794 soret
874 1750 1051 1815 pugnatum:
1072 1743 1123 1801 sed

171 1805 203 1868 'et
217 1811 359 1869 Baleares
383 1814 466 1889 pulso
489 1814 585 1889 equite
603 1814 811 1889 jaculabantur
834 1817 866 1873 in
890 1817 990 1889 latera,
1012 1829 1041 1879 et
1064 1822 1121 1879 ele-

174 1891 275 1967 phanti
295 1891 358 1965 jam
382 1892 413 1948 in
434 1892 560 1949 mediam
581 1891 710 1968 peditum
733 1895 827 1952 aciem
851 1915 915 1953 sese
936 1899 1072 1970 tulerant,
1093 1911 1122 1959 et
1132 1908 1189 1963 20>

175 1966 267 2047 Mago·
285 1969 315 2027 N
318 1970 490 2047 umidaeque‚
506 1972 592 2028 simul
607 1971 734 2029 latebras
748 1991 848 2030 eorum
870 1975 1029 2051 improvida
1050 1998 1121 2054 prae·

174 2050 279 2106 terlata
300 2050 380 2107 acies
398 2062 452 2122 est,
474 2051 566 2108 exorti
585 2051 621 2107 ab
640 2060 722 2127 tergo
742 2051 888 2127 ingentem
908 2056 1064 2113 tumultum
1086 2077 1122 2116 ac

174 2137 327 2185 terrorem·
343 2128 450 2187 fecere.
494 2129 608 2186 Tamen
636 2130 666 2185 in
691 2140 731 2187 tot
757 2132 1012 2191 circumstantibus
1034 2137 1121 2195 malis

173 2208 282 2265 mansit
306 2208 485 2283 aliquamdiu
510 2209 628 2265 immota
650 2210 737 2279 acies,
762 2212 888 2269 maxime
912 2222 1016 2288 praeter
1039 2235 1120 2292 apem

173 2288 304 2343 omnium
314 2287 454 2346 adversus
465 2288 630 2364 elephantos
641 2308 647 2345 :
669 2308 718 2345 eos
729 2289 830 2347 velites
844 2291 878 2348 ad
890 2291 918 2348 id
928 2293 1023 2368 ipsum
1034 2294 1119 2370 locati
1130 2300 1169 2355 25

173 2366 301 2423 verrutis
329 2366 467 2443 conjectis
494 2377 523 2424 et
551 2376 691 2436 avertere,
720 2377 748 2425 et
775 2370 898 2427 insecuti
926 2391 1041 2431 aversos
1064 2375 1119 2431 sub

174 2445 360 2521 caudisque
384 2447 510 2503 maxime
527 2446 608 2503 molli
628 2455 695 2503 cute
710 2447 833 2505 vulnera
854 2449 1010 2524 accipiunt,
1032 2450 1118 2509 sodic-

174 2524 261 2582 bant:
303 2521 384 2582 LVI.
411 2525 642 2602 trepidantesque
667 2534 696 2581 et
718 2544 804 2602 prope
825 2526 889 2601 jam
909 2528 940 2582 in
961 2547 1028 2586 suos
1052 2547 1118 2587 con-

173 2613 316 2661 sternatos
340 2604 437 2660 media
459 2606 522 2662 acie
544 2605 574 2660 in
599 2613 767 2671 extremam,
790 2603 827 2659 ad
847 2605 995 2661 sinistrum
1017 2625 1117 2678 cornu,

174 2683 315 2739 adversus
327 2682 428 2740 Gallos
437 2684 594 2740 auxiliares
605 2683 652 2759 agi
663 2682 750 2758 jussit
760 2680 925 2740 Hannibal:
947 2684 1167 2762 iiextemp1030

174 2762 252 2818 haud
280 2761 398 2819 dubiam
427 2760 522 2819 t'ecere
551 2759 660 2839 fugam,
686 2780 743 2836 quo
770 2780 863 2818 novus
886 2771 978 2819 terror
1005 2763 1118 2823 additus

175 2840 324 2911 Romanis,
340 2849 372 2899 ut
393 2840 458 2899 fusa
471 2841 582 2898 auxilia
602 2860 656 2898 sua
670 2840 814 2897 viderunt.
856 2839 956 2918 ltaque
970 2862 1039 2900 cum
1056 2844 1118 2920 jam

175 2920 203 2976 in
217 2921 318 2977 orbem
343 2930 514 2997 pugnarent,
529 2919 631 2977 decem
652 2920 744 2976 millia
767 2918 856 2977 ferme
876 2921 1034 2992 hominum,
1049 2943 1118 2981 curn

175 2998 232 3055 alia
246 2999 372 3056 evadere
384 3000 559 3075 nequissent,
570 2999 664 3056 media
675 2997 815 3056 Afrorum
831 3001 903 3070 acie,
915 3020 980 3076 quta
995 3002 1118 3061 Gallicis

174 3078 292 3135 auxiliis
306 3078 421 3136 firmata
435 3088 506 3149 erat,
516 3096 584 3136 cum
594 3079 704 3155 ingenti
718 3078 796 3135 caede
805 3079 931 3137 hostium
944 3098 1115 3160 perrupere:
1128 3088 1166 3143 35

174 3166 201 3214 et
222 3176 292 3214 eum
306 3176 402 3233 neque
422 3159 452 3215 in
467 3168 564 3215 castra
578 3156 687 3215 reditus
707 3167 783 3216 esset
802 3158 922 3216 flumine
942 3160 1116 3231 interclusis,

174 3254 268 3311 neque
293 3255 353 3313 prae
376 3237 462 3293 imbri
482 3238 551 3295 satis
571 3236 728 3295 decernere
742 3247 864 3313 possent,
885 3254 944 3312 qua
960 3239 1021 3295 suis
1034 3257 1117 3315 opem

175 3313 292 3386 ferrent,
308 3315 487 3374 Placentiam
502 3326 580 3373 recto
593 3317 696 3374 itinere
711 3334 874 3391 perrexere.
898 3315 1000 3373 Plures
1014 3316 1116 3375 deinde

174 3393 203 3451 in
224 3413 325 3451 omnes
346 3406 442 3471 partes
455 3396 620 3471 eruptiones
634 3393 737 3466 sactoe3
760 3404 788 3451 et
808 3395 859 3469 qui
872 3396 980 3452 flumen
1000 3396 1115 3471 petiere,

174 3482 225 3530 aut
245 3474 410 3550 gurgitibus
425 3475 568 3552 absumpti
588 3482 664 3543 sunt,
681 3483 731 3530 aut
750 3473 825 3529 inter
839 3474 1052 3532 cunctationem
1074 3475 1115 3531 in·
1126 3482 1165 3538 40

174 3551 324 3627 grediendi
340 3553 376 3610 ab
390 3554 518 3611 hostibus
528 3553 675 3630 oppressi:
697 3552 747 3627 qui
762 3552 869 3628 passim
882 3569 933 3627 per
948 3570 1033 3629 agros
1047 3551 1117 3630 fuga

175 3632 267 3706 sparsi
281 3642 373 3701 erant,
391 3633 514 3711 vestigia
534 3632 661 3691 cedentis
681 3641 834 3706 sequentes
848 3630 981 3706 agminis,
997 3630 1116 3689 Placen.

176 3710 243 3767 tiam
254 3711 445 3769 contendere:
468 3712 532 3769 aliis
542 3713 629 3771 timor.
640 3710 765 3769 hostium
776 3709 927 3766 audaciam
937 3710 1117 3786 ingrediendi

177 3788 284 3847 flumen
299 3788 376 3861 fecit,
391 3792 622 3868 transgressique
636 3789 666 3846 in
680 3797 776 3847 castra
784 3797 990 3865 pervenerunt.
1020 3788 1115 3849 Imber

1148 2908 1166 2946 O
