2717 4292
514 265 602 307 arnna
622 266 695 307 mr.
731 253 797 307 cir.
813 263 856 307 rr.
1122 249 1180 311 14⁷

183 396 307 473 alliaque
318 415 383 455 rem
395 405 532 474 gererent
540 416 550 469 ;
573 396 689 455 interim
696 397 826 474 equitatu
836 396 1011 475 auxiliisque
1022 397 1132 459 levium

183 494 333 535 armorum
347 477 388 533 ab·
395 475 488 535 effusa
501 476 653 552 predandi·
662 476 780 535 licentia
793 477 903 534 hostem
917 478 1127 555 cohibendum;

182 556 275 614 iratus
295 576 328 613 sc
348 576 385 613 ex
407 556 527 613 consilio
549 557 700 632 proripuit,
717 557 891 633 signumque
911 558 998 615 simul
1019 559 1131 617 itineris

182 654 348 713 pugnaeque
373 654 442 693 cum
467 635 600 705 dedisset,
641 636 757 693 “immo
789 635 899 693 Arretii
924 648 989 695 ante
1021 640 1130 697 rnoenia

181 714 359 773 sedeamus''
382 716 484 790 inquit,
514 715 589 772 “hic
617 717 695 771 enirn
723 716 815 790 patria
842 725 871 772 et
899 726 1016 792 penates
1043 720 1158 777 suntr5

181 792 332 851 Hannibal
347 796 471 851 emissus
486 794 646 851 emanibus
661 795 865 870 perpopuletur
878 794 1002 864 Italiam,
1014 807 1127 854 vastan-

182 872 276 949 doque
291 884 320 931 et
333 874 441 930 urendo
454 874 551 931 omnia
566 873 602 929 ad
616 872 750 929 Romana
760 874 869 930 moenia
882 877 1049 950 perveniat;
1072 895 1128 935 nec

182 963 248 1010 ante
270 972 323 1010 nos
344 954 412 1011 hinc
427 953 603 1009 moverimus
616 971 714 1027 quem,
734 954 810 1010 sicut
830 954 899 1011 olim
919 954 1076 1012 Camillum
1091 956 1128 1013 ab

185 1031 275 1101 Veiis,
290 1032 325 1089 C.
341 1031 520 1089 Flaminium
535 1033 572 1088 ab
583 1032 701 1089 Arretio
714 1043 810 1108 patres
824 1032 1018 1090 acciverint.''
1053 1033 1127 1093 Haec

180 1111 270 1169 simul
291 1112 454 1187 increpans,
469 1130 538 1169 cum
552 1112 634 1169 ocius
647 1112 733 1187 signa
746 1112 871 1169 convelli
888 1112 1005 1191 juberet
1017 1122 1046 1170 et
1065 1115 1126 1190 ipse
1138 1118 1174 1175 10

180 1190 209 1246 in
231 1210 343 1267 equum
363 1192 529 1261 insiluisset,
545 1209 638 1267 equus
651 1200 770 1266 repente
790 1192 899 1249 corruit
919 1191 1126 1268 consulemque

180 1268 296 1346 lapsum
309 1288 398 1347 super
411 1279 499 1347 caput
518 1269 628 1328 effudit.
670 1268 795 1327 Territis
817 1271 959 1341 omnibus,
973 1272 1024 1347 qui
1046 1274 1127 1331 circa

180 1360 273 1420 erant,
285 1350 366 1407 velut
381 1349 456 1407 soedo
470 1350 565 1407 omine
581 1347 755 1425 incipiendae
769 1349 821 1418 rei,
834 1349 954 1426 insuper
966 1352 1125 1421 nuntiatur,

179 1429 307 1506 signum,
322 1430 400 1488 omni
414 1429 444 1487 vi
457 1429 593 1487 moliente
602 1426 749 1505 signifero,
759 1427 884 1506 convelli
891 1429 1024 1504 nequire.
1052 1428 1125 1487 Con-

180 1526 284 1567 versus
308 1508 344 1566 ad
367 1508 503 1568 nuntium
529 1513 548 1543 “
556 1526 628 1565 num
650 1507 761 1564 litteras
784 1505 921 1583 qnoque''
944 1508 1038 1582 inquit
1062 1515 1081 1543 “
1090 1510 1127 1565 ab
1138 1512 1175 1567 15

179 1597 284 1646 senatu
305 1587 400 1658 affers,
422 1606 488 1664 quae
508 1606 555 1645 me
576 1605 639 1644 rem
659 1604 762 1664 gerere
775 1586 895 1643 vetent?
936 1586 997 1644 Abi
1014 1588 1125 1658 nuntia,

179 1666 317 1725 effodiant
336 1668 462 1744 signum,
483 1667 508 1723 si
533 1665 569 1723 ad
594 1664 817 1723 convellendum
841 1684 945 1723 manus
965 1683 1026 1741 prae
1046 1677 1126 1724 metu

179 1746 390 1824 obtorpuerit.’'
431 1745 570 1804 Incedere
590 1745 657 1803 inde
678 1763 785 1821 agmen
804 1745 892 1821 coepit
912 1746 1126 1822 primoribus—-

178 1844 357 1903 superquam
377 1826 453 1901 quod
474 1826 668 1883 dissenserant
689 1825 726 1881 ab
747 1824 1014 1883 consilio-territis
1038 1826 1126 1883 etiam

178 1905 292 1983 duplici
310 1906 448 1983 prodigio,
463 1905 554 1961 milite
568 1906 599 1961 in
613 1903 721 1980 vulgus
741 1903 807 1961 laeto
821 1902 929 1961 ferocia
942 1904 1034 1974 ducis,
1056 1924 1126 1963 cum
1136 1909 1175 1965 20

178 2004 260 2061 spem
275 1986 369 2061 magis
383 1986 475 2061 ipsam
489 2003 578 2061 quam
593 2002 714 2041 causam
727 1983 790 2059 spei
803 1983 975 2040 intueretur.

19 2070 23 2079 '
124 2080 182 2145 74
218 2064 274 2122 IV.
307 2063 465 2134 Hannibal,
486 2063 562 2141 quod
583 2064 646 2141 agri
673 2073 717 2120 est
740 2064 824 2121 inter,
842 2061 996 2119 Cortonam
1024 2062 1126 2120 urbem

179 2141 445 2220 Trasimenumque
468 2144 575 2213 lacurn,
590 2143 668 2199 omni
692 2142 775 2199 clade
799 2141 868 2198 belli
890 2151 1044 2217 pervastat,
1067 2160 1125 2217 quo

178 2226 278 2301 magis
292 2225 367 2281 iram
387 2223 461 2280 hosti
475 2222 512 2279 ad
526 2220 714 2279 vindicandas
726 2221 871 2278 sociorum
891 2221 1013 2297 injurias
1027 2232 1123 2280 acuat.

178 2302 219 2360 Et
243 2304 307 2378 jam
331 2311 523 2378 pervenerant
545 2300 580 2359 ad
601 2301 666 2359 loca
689 2310 758 2357 nata
781 2300 901 2369 insidiis,
927 2302 977 2357 ubi
998 2303 1123 2359 maxime
1135 2304 1172 2358 2⁵

179 2392 291 2441 montes
305 2382 495 2441 Cortonenses
504 2380 696 2438 Trasimenus
703 2380 797 2437 subit:
819 2380 867 2437 via
880 2390 992 2437 tantum
1006 2381 1125 2438 interest

179 2464 366 2539 perangusta,
382 2461 513 2518 velutad
527 2460 555 2516 id
576 2461 672 2536 ipsum
687 2458 722 2515 de
741 2458 883 2515 industria
901 2458 1002 2515 relicto
1015 2461 1123 2536 spatio:

178 2540 282 2597 deinde
289 2541 381 2625 paulo
390 2540 474 2598 latior
487 2540 608 2615 patescit
616 2556 754 2613 campus;
777 2536 942 2593 indecolles
957 2547 1123 2611 assurgunt.

177 2618 222 2677 Ibi
236 2630 333 2677 castra
347 2620 377 2676 in
392 2628 489 2695 aperto
503 2619 588 2688 locat,
604 2617 654 2674 ubi
668 2618 729 2692 ipse
743 2633 812 2673 curn
827 2613 910 2671 Afris
923 2613 1006 2671 modo
1020 2614 1124 2690 Hispa·

177 2700 282 2775 nisque
298 2698 475 2757 consideret:
497 2696 637 2755 Baleares
645 2705 831 2769 ceteramque
840 2693 935 2750 levem
947 2702 1125 2750 armaturam
1134 2698 1172 2755 30

165 2788 241 2854 ,post
265 2788 376 2836 montes
390 2776 601 2848 circumducit3
624 2775 743 2851 equites
751 2773 787 2831 ad
811 2774 889 2850 ipsas
910 2772 1010 2829 lauces
1023 2772 1123 2844 saltus,

177 2858 301 2916 tumulis
318 2868 383 2935 aptc
403 2857 574 2934 tegentibus,
591 2855 676 2925 locat,
692 2864 733 2923 ut,
749 2854 799 2910 ubi
818 2854 972 2910 intrassent
989 2852 1123 2924 Romani,

177 2937 292 3013 objecto
305 2937 445 3013 equitatu,
461 2936 562 2994 clausa
575 2935 672 2993 omnia
686 2934 759 2999 lacu
770 2952 805 2991 ac
819 2932 962 2989 montibus
976 2944 1082 2991 essent.

218 3016 384 3075 Flaminius
395 3034 463 3075 curn
477 3014 568 3091 pridie
577 3015 645 3071 solis
653 3032 761 3071 occasu
775 3012 811 3070 ad
825 3012 923 3070 lacum
937 3014 1122 3089 pervenisset,

177 3094 366 3173 inexplorato,
381 3105 493 3172 postero
506 3093 561 3164 die,
576 3093 697 3150 vixdum
707 3093 777 3150 satis
793 3101 873 3149 certa
892 3091 968 3161 luce,
983 3093 1172 3169 angustiistlo

177 3177 331 3252 superatis
346 3185 497 3251 postquem
517 3174 548 3230 in
567 3174 754 3250 patentiorem
769 3190 904 3247 campum
918 3171 1004 3246 pendi
1018 3190 1123 3248 agmen

178 3256 276 3331 clepit,
292 3255 322 3312 id
335 3264 447 3311 tantum
462 3253 595 3323 hostium,
610 3251 686 3331 quod
697 3271 733 3309 ex
745 3250 864 3307 adverso
874 3259 944 3317 erat,
957 3251 1122 3325 conspexit:

179 3334 216 3391 ab
229 3345 312 3412 tergo
327 3353 363 3391 ec
377 3352 464 3410 super
479 3341 566 3408 capnt
579 3332 719 3408 decepere
737 3329 859 3387 insidiae.
901 3327 1009 3384 Poenus
1020 3328 1078 3397 ubi,
1093 3328 1122 3385 id

179 3414 253 3488 quod
269 3414 398 3489 petierat,
414 3414 548 3471 clausum
569 3412 688 3469 laeuae
705 3408 848 3467 montibus
862 3417 890 3464 et
911 3406 1122 3463 circumfusum

179 3494 240 3550 suis
267 3494 358 3570 copiis
385 3493 485 3550 habuit
512 3492 630 3560 hostem,
659 3492 776 3565 signum
803 3486 936 3542 omnibus
963 3485 1011 3541 dat
1034 3486 1121 3542 simul
1131 3489 1170 3546 40

179 3572 345 3630 invadendi.
391 3571 456 3637 Qui
478 3572 537 3639 ubi,
559 3590 618 3647 qua
639 3570 745 3643 cuique
767 3566 928 3643 proximum
951 3563 1014 3633 suit,
1035 3564 1122 3623 decu·

179 3662 344 3721 currerunt,
359 3672 393 3711 eo
407 3652 500 3729 magis
521 3649 660 3717 Romanis
679 3647 775 3704 subita
795 3655 881 3720 atque
900 3644 1056 3720 improvisa
1076 3663 1123 3702 res

182 3729 242 3801 tuit,
268 3732 346 3809 quod
370 3742 434 3791 orta
457 3750 494 3788 ex
517 3731 586 3787 lacu
610 3726 717 3784 nebula
740 3743 843 3801 campo
867 3742 956 3800 quam
980 3723 1124 3782 montibus

179 3807 295 3871 densior
314 3810 438 3882 sederat,
454 3810 628 3887 agminaque
648 3805 772 3864 hostium
793 3823 829 3861 ex
850 3801 982 3884 pluribus
1001 3802 1124 3865 collibus
