2717 4292
519 295 607 336 nnana
623 295 698 337 1111.
736 295 802 338 cnr.
818 297 879 338 uxr.
1135 287 1194 350 193

195 425 284 486 bodie
297 443 336 484 ex
350 426 463 503 iis,=qui
482 425 519 484 ad
532 426 651 486 Cannas
670 438 886 506 pugnaverunt,
901 430 996 488 civem
1017 429 1148 492 baberet.

196 506 246 565 Ex
260 506 392 564 millibus
410 515 522 582 septem
544 517 723 566 armatorum
745 509 877 566 sexcenti
898 511 1083 581 exstiterunt,
1097 511 1150 590 qui

196 606 353 663 erumpere
378 586 530 655 auderent,
555 588 609 663 qui
631 589 662 644 in
684 590 808 665 patriam
829 589 915 647 liberi
936 599 1022 667 atque
1044 592 1149 650 armati

197 666 344 724 redirent:
378 685 474 742 neque
502 667 538 723 iis
564 678 703 725 sexcenta
731 667 823 725 millia
850 669 974 726 hostium
1001 671 1146 728 obstitere.

195 745 403 812 Quam'tutum
414 748 469 802 iter
482 746 607 803 duarum
619 766 705 824 prope
717 746 865 824 legionum
877 750 1001 824 agminis
1017 750 1177 808 futurum5

195 827 322 884 censetis
333 825 446 882 fuisse?
487 825 643 884 Haberetis
653 827 737 884 hodie
752 829 853 904 viginti
864 829 957 884 millia
971 843 1148 888 armatorum

193 904 327 973 Canusii,
349 904 446 973 fortia,
471 905 577 974 fidelia,
600 917 697 982 patres
725 909 891 983 conscripti.
934 908 963 964 N
968 928 1025 966 unc
1050 923 1148 967 autem

194 984 441 1061 quemadmodum
455 985 486 1040 hi
501 985 566 1042 boni
580 985 848 1061 fidelesque-nam
864 986 951 1044 fortes
966 1006 1001 1044 ne
1016 989 1068 1065 ipsi
1083 990 1146 1064 qui·

194 1063 263 1120 dem
288 1063 535 1121 dixerint—cives
561 1084 625 1122 esse
653 1066 797 1142 possunt?
847 1066 915 1124 Nisi
937 1068 1004 1142 quis
1027 1068 1147 1126 credere

194 1153 287 1220 potest
301 1142 402 1212 fuisse,
418 1154 450 1201 ut
464 1145 691 1219 erumpentibus,
706 1147 778 1221 quin
798 1157 993 1223 erumperent,
1008 1147 1146 1205 obsistere
1159 1147 1196 1204 10

194 1223 291 1279 conati
310 1233 397 1294 sunt;
419 1232 471 1279 aut
493 1241 550 1280 non
569 1223 699 1280 invidere
718 1244 767 1281 eos
788 1244 857 1282 cum
877 1226 1069 1284 incolumitati
1083 1238 1147 1284 tum

192 1301 296 1379 gloriae
309 1302 427 1359 illorum
441 1321 493 1378 per
506 1303 644 1360 virtutem
657 1313 757 1379 partae,
770 1322 839 1361 cum
853 1306 907 1361 sibi
921 1307 1053 1362 timorem
1064 1307 1145 1382 igna-

193 1382 331 1458 viamque
345 1382 492 1440 servitutis
512 1382 711 1458 ignominiosae
725 1401 846 1440 causam
859 1403 923 1442 esse
937 1385 1040 1442 sciant·
1082 1384 1145 1443 Ma-

193 1459 313 1518 luerunt
337 1462 368 1522 in
389 1462 520 1518 tentoriis
540 1461 663 1518 latentes
687 1462 774 1519 simul
797 1462 895 1519 lucem
923 1472 1010 1538 atque
1035 1465 1146 1522 hostem

192 1551 373 1616 exspectare,
388 1559 459 1597 cum
480 1541 596 1597 silentio
613 1541 707 1598 noctis
730 1542 901 1617 erumpendi
923 1542 1039 1599 occasio
1058 1545 1195 1601 esset.1⁵

193 1619 244 1677 nd
257 1619 470 1696 erumpendum
484 1639 502 1676 e
515 1620 620 1676 castris
633 1618 726 1677 defuit
741 1621 865 1690 animus,
882 1621 918 1678 ad
932 1620 1053 1679 tutanda
1067 1620 1145 1680 forti·

191 1707 237 1755 ter
269 1712 368 1757 castra
395 1699 526 1755 animum
553 1698 736 1756 habuerunt:
768 1700 829 1757 dies
856 1711 1012 1774 noctesque
1037 1700 1146 1778 aliquot

191 1778 312 1848 obsessi,
334 1778 447 1835 vallum
468 1777 566 1846 armis,
581 1797 612 1834 se
634 1776 690 1852 ipsi
712 1780 797 1835 tutati
820 1778 898 1836 vallo
921 1789 1006 1836 sunt:
1028 1782 1146 1838 tandem

191 1857 297 1915 ultima
318 1858 382 1914 ausi
404 1856 547 1932 passique,
563 1875 632 1912 cum
650 1858 749 1914 omnia
769 1858 899 1914 subsidia
913 1859 980 1915 vitae
1001 1861 1144 1932 abessent,

191 1936 363 2013 affectisque
386 1934 464 1992 fame
486 1935 607 2004 viribus,
631 1954 715 1993 arma
734 1936 796 2012 jam
817 1937 960 1994 sustinere
981 1941 1143 2014 nequirent,
1153 1939 1193 1994 2⁰

190 2016 414 2074 necessitatibus
427 2015 521 2090 magis
535 2014 670 2071 humanis
680 2034 768 2090 quam
781 2017 870 2072 armis
885 2017 954 2073 victi
969 2028 1046 2075 sunt.
1073 2016 1144 2076 Orto

191 2095 252 2152 solo
275 2096 313 2152 ab
337 2095 467 2152 hostibus
490 2092 527 2149 ad
551 2093 663 2150 vallum
688 2113 859 2166 accessum3
891 2105 958 2152 ante
981 2096 1142 2154 secundam

191 2175 303 2245 boram,
324 2175 438 2231 nullam
461 2172 607 2230 fortunam
629 2174 797 2230 certaminis
819 2175 940 2250 experti,
962 2175 1144 2235 tradiderunt

191 2273 275 2311 arma
289 2273 325 2312 ac
339 2274 371 2311 se
392 2255 486 2329 ipsos:
508 2253 572 2310 haec
586 2253 668 2310 vobis
682 2254 809 2328 ipsorum
831 2273 883 2330 per
904 2253 1024 2311 biduum
1039 2256 1143 2313 militia

190 2333 257 2392 t'uit.
299 2333 376 2391 Cum
401 2334 431 2389 in
454 2333 517 2389 acie
541 2343 618 2389 stare
643 2352 678 2390 ao
704 2351 835 2410 pugnare
859 2334 1005 2405 decuerat,
1025 2345 1087 2392 tum
1111 2337 1190 2392 inus

189 2424 289 2472 castra
303 2412 492 2489 refugerunt:
514 2431 583 2469 cum
598 2430 649 2487 pro
666 2412 745 2469 vallo
759 2413 946 2490 pugnandum
961 2425 1033 2482 erat,
1044 2424 1142 2472 castra

190 2491 381 2560 tradiderunt,
401 2509 496 2567 neque
520 2492 551 2548 in
576 2492 640 2548 acie
662 2510 758 2566 neque
781 2493 938 2549 incastris
962 2495 1058 2550 utiles.
1101 2493 1142 2551 Et

191 2591 242 2630 vos
256 2571 423 2630 redimam?
463 2571 539 2628 Cum
553 2588 708 2646 erumpere
719 2571 822 2627 castris
832 2579 949 2647 oportet,
961 2573 1142 2629 cunctamini

191 2671 228 2710 ac
241 2653 384 2708 manetis:
406 2668 475 2707 cum
489 2668 619 2720 manere,
634 2659 731 2707 castra
745 2650 834 2705 tutari
849 2649 938 2705 armis
953 2667 1072 2706 necesse
1087 2660 1139 2720 est,

190 2741 220 2788 et
240 2740 340 2788 castra
362 2740 391 2787 et
412 2748 496 2786 arma
518 2740 547 2786 et
569 2730 717 2806 vosipsos
739 2727 851 2785 traditis
869 2728 954 2785 hosti.
996 2727 1062 2804 Ego
1083 2730 1190 2786 non80

190 2812 287 2887 magis
310 2812 378 2867 istos
399 2808 589 2877 redimendos,
612 2820 709 2886 patres
730 2807 893 2884 conscripti,
916 2827 1029 2877 censeo,
1051 2827 1140 2884 quam

191 2890 258 2948 illos
277 2888 421 2948 dedendos
439 2888 608 2958 Hannibali,
623 2890 674 2965 qui
696 2907 748 2965 per
767 2886 875 2946 medios
895 2887 991 2945 hostes
1005 2907 1021 2944 e
1036 2889 1140 2946 castris

190 2980 353 3045 eruperunt
377 2988 413 3026 ac
437 2987 489 3044 per
505 2987 651 3025 summam
674 2969 810 3026 virtutem
833 2987 865 3026 se
887 2969 987 3043 patriae
1009 2969 1139 3026 restitue-

192 3047 294 3106 runt.”
336 3047 417 3106 LXI.
433 3047 589 3123 Postquam
601 3046 730 3106 Manlius
740 3048 820 3117 dixit,
832 3066 1010 3125 quamquam
1023 3059 1140 3125 patrum

190 3146 307 3206 quoque
330 3128 483 3204 plerosque
506 3127 613 3202 captivi
635 3130 806 3206 cognatione
828 3129 1014 3205 attingebant,
1035 3127 1188 3203 praeteraa

191 3207 358 3285 exemplum
373 3207 499 3266 civitatis
512 3207 631 3264 minime
641 3208 672 3265 in
683 3209 812 3284 captivos
822 3207 884 3284 jam
899 3206 966 3264 inde
981 3208 1139 3282 antiquitus

191 3285 379 3364 indulgentis,
395 3288 528 3363 pecuniae
548 3305 664 3362 quoque
685 3307 800 3344 summa
820 3287 950 3343 homines
966 3287 1063 3364 movit,
1078 3303 1139 3361 qua

191 3385 249 3424 nec
269 3367 408 3423 aerarium
430 3367 735 3443 exhaurire-magna
753 3366 815 3442 jam
834 3383 949 3422 summa
968 3373 1088 3439 erogata
1107 3365 1139 3421 in

191 3464 292 3503 servos
306 3445 353 3503 ad.
363 3446 497 3504 militiam
510 3445 646 3504 emendos
660 3445 967 3520 armandosque—nec
987 3442 1137 3500 Hanniba-

191 3520 251 3581 lem
266 3527 393 3583 maxime
408 3527 531 3602 hujusce
546 3527 598 3595 rei,
614 3536 646 3583 ut
667 3525 746 3581 fama
766 3535 838 3593 erat,
853 3534 988 3600 egentem
1008 3521 1136 3598 locuple·
1147 3521 1187 3578 4⁰

192 3604 248 3661 tari
269 3605 417 3663 volebant.
458 3605 535 3662 Cum
556 3607 636 3662 triste
657 3623 836 3679 responsum,
851 3620 909 3658 non
930 3602 1033 3660 redimi
1047 3601 1136 3677 capti.

191 3701 253 3751 vos,
276 3684 421 3742 redditum
441 3697 526 3754 esset,
547 3703 697 3760 novusque
719 3701 806 3760 super
827 3691 954 3740 veterem
978 3681 1077 3739 luctus
1097 3689 1137 3740 tot

190 3764 309 3838 jactura
322 3765 431 3822 civium
447 3765 675 3840 adjectusesset,
691 3782 759 3820 cum
775 3762 887 3839 magnis
902 3762 1016 3819 fletibus
1030 3761 1136 3834 questi·

192 3841 306 3920 busque
320 3843 432 3921 legatos
447 3844 483 3900 ad
495 3853 605 3920 portam
616 3842 762 3920 prosecuti
772 3852 849 3900 sunt.
890 3840 975 3900 Unus
988 3859 1025 3899 ex
1039 3840 1075 3898 iis
1087 3839 1135 3897 do-
