2717 4292
186 225 204 285 8
601 241 670 282 nn
692 241 767 283 nrvu
806 268 836 285 2

240 383 290 431 net
305 372 392 443 sama,
404 392 473 430 cum
485 373 644 430 fluitantem
657 372 783 442 alveum,
795 391 853 447 quo
863 371 983 448 expositi
997 379 1081 428 erant
1094 371 1188 448 pueri.
1231 368 1237 382 '

239 454 335 510 tenuis
349 453 378 508 in
393 453 471 508 sicco
485 471 561 528 aqua
576 453 759 519 destituisset,
774 452 873 526 lupam
887 452 1041 518 sitientem,
1056 471 1093 507 ex
1109 470 1188 508 mon-

239 533 315 589 tibus
329 533 378 606 qui
390 532 469 587 circa
481 542 556 600 sunt,
569 531 604 587 ad
620 532 762 606 puerilem
774 532 904 607 vagitum
920 548 1040 586 cursum
1055 531 1189 588 flexisse:

239 630 304 668 eam
319 611 476 667 submissas
490 609 648 666 infantibus
664 609 735 666 adeo
748 611 847 666 mitem
862 610 1019 686 praebuisse
1034 628 1188 679 mammos,
1206 638 1211 644 ·

209 691 228 747 ὕ
240 699 270 746 ut
285 691 385 766 lingua
400 690 574 746 lambentem
586 708 691 765 pueros
705 690 843 764 magister
857 689 930 764 regii
941 689 1054 764 pecoris
1070 689 1189 745 invene-

241 770 285 825 rit.
329 769 469 825 Faustulo
485 767 573 824 luisse
593 787 697 824 nomen
713 767 826 825 ferunt:
849 768 885 823 ab
900 787 934 823 eo
948 767 983 822 ad
998 768 1114 823 stabula
1129 767 1188 825 La.

238 849 339 905 rentiae
354 849 436 904 uxori
451 847 615 904 educandos
629 847 719 904 datos
762 846 845 914 Sunt,
860 847 910 922 qui
926 845 1106 916 Larentiam,
1123 847 1188 904 vul-

238 937 304 1003 gato
325 945 454 1002 corpore,
470 927 569 1003 lupam
590 927 665 983 inter
684 937 811 1002 pastores
825 935 959 982 vocatam
980 935 1097 1000 putent:
1120 925 1188 985 indo

238 1006 336 1062 locum
351 1005 457 1061 fabulae
472 1025 507 1062 ec
522 1006 664 1063 miraculo
678 1005 788 1062 datum.
830 1004 874 1062 Ita
887 1005 987 1080 geniti,
1003 1005 1102 1080 itaque
1116 1005 1191 1070 edu,
1228 1031 1236 1040 .

191 1087 227 1142 10
238 1085 305 1154 cati,
321 1103 389 1142 cum
412 1085 537 1160 primum
560 1085 684 1142 adolevit
706 1094 784 1154 aetas,
799 1103 855 1141 nec
873 1084 903 1139 in
925 1083 1047 1140 stabulis
1068 1103 1125 1142 nec
1150 1085 1187 1141 ad

237 1180 343 1239 pecora
364 1183 477 1240 segnes,
502 1163 633 1220 venando
660 1182 816 1241 peragrare
843 1164 952 1220 saltus:
984 1163 1061 1232 hinc,
1086 1164 1188 1220 robore

238 1243 406 1319 corporibus
427 1243 589 1318 animisque
610 1252 724 1319 sumpto
742 1244 804 1320 jam
824 1261 882 1299 nou
897 1241 975 1299 feras
990 1251 1104 1299 tantum
1118 1244 1187 1300 sub-

238 1323 347 1390 sistere,
368 1322 419 1379 aed
443 1323 473 1379 in
497 1322 631 1391 latrones,
654 1321 752 1398 praeda
778 1332 902 1391 onustos,
924 1323 1049 1398 impetus
1077 1324 1186 1393 facere,

238 1401 456 1478 pastoribusque
471 1410 553 1477 rapta
566 1401 712 1474 dividere3
729 1411 836 1459 etcum
848 1401 901 1471 his,
914 1409 1064 1458 crescente
1078 1401 1109 1456 in
1123 1399 1187 1459 dies

190 1483 227 1537 15
237 1500 327 1558 grege
339 1481 583 1557 juvenum,·seria
598 1500 632 1538 ac
644 1482 725 1556 jocos
739 1482 899 1538 celebrare.
941 1480 980 1536 V.
996 1479 1064 1536 Jam
1078 1491 1141 1537 turn
1156 1481 1187 1539 iu

210 1574 214 1583 ‘
238 1559 348 1618 Palatio
362 1574 457 1618 monte
479 1560 625 1636 Lupercal
641 1561 695 1617 hoc
710 1559 798 1616 fuisse
819 1560 967 1617 ludicrum
988 1559 1155 1617 ferunt-et
1169 1580 1188 1618 a

240 1639 396 1710 Pallante0,
426 1641 497 1696 urbe
529 1639 685 1708 Arcadica,
715 1639 900 1709 Pallantium,
929 1639 996 1695 dein
1028 1639 1186 1710 Palatium,

238 1730 364 1775 montem
386 1718 661 1794 appellatum:—ibi
683 1717 864 1788 Evandrum,
890 1719 941 1794 qui
965 1738 1001 1775 ex
1022 1738 1056 1775 eo
1077 1737 1187 1796 genere

240 1797 391 1854 Arcadum
406 1798 504 1854 multis
516 1808 581 1854 ante
593 1799 809 1873 tempestatibus
823 1799 948 1856 tenuerit
961 1798 1035 1868 loca,
1045 1799 1187 1856 sollemne

188 1877 360 1935 coenatum
374 1896 410 1933 ex
426 1877 554 1934 Arcadia
574 1878 740 1948 instituisse,
757 1887 789 1934 ut
801 1877 872 1934 nudi
890 1878 1024 1953 juvenes,
1040 1877 1187 1952 Lyeaeum

239 1955 319 2012 Pana
340 1966 521 2026 venerantes,
537 1975 589 2032 per
609 1956 706 2014 lusum
729 1967 815 2033 atque
836 1957 989 2014 lasciviam
1013 1967 1186 2015 currerent:

238 2054 325 2111 quem
347 2035 471 2092 Romani
491 2035 593 2094 deinde
613 2047 791 2095 vocaverunt
811 2036 928 2094 Inuum.
979 2036 1060 2093 Huic
1081 2034 1187 2095 deditis

238 2115 359 2184 ludicre,
372 2134 440 2172 cum
454 2114 592 2172 sollemne
603 2128 703 2173 notum
717 2126 801 2186 esset,
812 2115 960 2173 insidiatos
973 2117 1009 2172 ob
1023 2117 1098 2172 iram
1114 2135 1175 2191 prae

238 2193 282 2250 dae
304 2195 417 2250 amissae
438 2194 570 2264 latrones,
587 2215 655 2253 cum
670 2196 813 2254 Romulus
828 2196 856 2251 vi
877 2214 908 2252 se
929 2194 1111 2265 defendisset,
1127 2195 1186 2253 Re-

189 2275 227 2330 25
239 2292 319 2329 mum
340 2275 460 2349 cepisse,
476 2285 593 2351 captum
615 2277 677 2352 regi
694 2276 812 2351 Amulio
830 2273 990 2344 tradidisse,
1006 2275 1082 2332 ultro
1097 2294 1186 2332 accu-

238 2361 345 2409 santes.
387 2351 510 2410 Crimini
531 2355 656 2411 maxime
678 2355 792 2422 dabant,
808 2355 838 2411 in
859 2353 1022 2410 Numitoris
1041 2373 1127 2430 agros
1148 2355 1186 2412 ab

237 2433 274 2488 iis
288 2432 428 2508 impetum
447 2433 529 2490 lien:
551 2433 616 2490 inde
631 2453 680 2490 eos
695 2435 817 2491 collecta
835 2432 979 2508 juvenum
994 2452 1082 2489 manu
1098 2433 1184 2490 hosti-

238 2511 295 2568 lem
318 2512 346 2567 in
362 2513 476 2568 modum
498 2513 609 2588 praedas
626 2532 724 2589 agere.
766 2512 816 2569 Sic
831 2511 867 2568 ad
888 2512 1063 2588 supplicium
1079 2512 1186 2569 Numi-

237 2592 290 2649 tori
313 2591 423 2648 Remus
447 2592 570 2649 deditur.
612 2591 678 2649 Jam
703 2591 769 2649 inde
795 2592 831 2648 ab
852 2591 932 2648 initio
953 2591 1096 2649 Faustulo
1117 2611 1186 2667 spes

190 2673 227 2728 30
238 2669 341 2741 fuerat,
356 2673 465 2748 regiam
482 2673 599 2746 stirpem
615 2672 691 2747 apud
705 2691 736 2728 se
754 2670 890 2728 educari:
912 2679 1023 2728 namet
1041 2673 1186 2748 expositos

235 2750 319 2825 jussu
334 2751 411 2826 regis
426 2749 550 2806 infantes
564 2751 682 2818 sciebat,
698 2759 726 2807 et
742 2759 864 2824 tempuS,
879 2768 937 2824 quo
950 2750 1011 2825 ipse
1026 2769 1075 2807 eos
1089 2761 1185 2808 sustu-

237 2828 326 2897 lisset,
342 2829 378 2885 ad
396 2828 541 2903 idipsum
562 2847 740 2904 congruere:
762 2827 812 2885 sed
834 2846 896 2885 rem
916 2829 1112 2899 immaturam,
1128 2831 1197 2887 nisi‘

239 2916 289 2963 aut
303 2925 355 2982 per
368 2907 549 2964 occasionem
565 2915 615 2963 aut
626 2925 676 2983 per
690 2908 900 2976 necessitatem,
912 2909 1025 2984 aperire
1039 2909 1184 2967 noluerat.

238 2985 407 3043 Necessitas
428 2987 506 3062 prior
525 2987 621 3042 venit:
643 2986 693 3055 ita,
708 2996 787 3044 metu
808 2987 956 3055 subactus,
973 2987 1099 3045 Romulo
1120 3007 1184 3046 rem

190 3069 228 3123 35
239 3067 341 3141 aperit.
383 3065 470 3122 Forte
492 3073 520 3122 et
533 3065 691 3135 Numitori,
707 3085 775 3122 cum
796 3067 826 3121 in
847 3065 978 3122 custodia
992 3066 1119 3124 Remum
1134 3067 1184 3125 ha·
1231 3113 1236 3123 .

239 3144 327 3214 beret,
353 3144 537 3219 audissetque
561 3145 692 3219 geminos
715 3163 778 3202 esse
796 3142 916 3223 iratres,
938 3145 1131 3220 comparando
1156 3156 1185 3204 et

238 3234 351 3279 aetatem
366 3242 474 3293 acrum,
490 3233 518 3280 et
532 3224 624 3300 ipsam
646 3224 764 3280 minime
778 3222 913 3280 servilem
934 3223 1069 3293 indolem,
1085 3227 1186 3301 te‘ige·

239 3312 282 3358 rat
298 3303 426 3359 animum
438 3308 576 3359 memoria
590 3313 743 3378 nepotum:
765 3302 994 3377 sciscitandoque
1009 3304 1109 3361 eodem
1121 3321 1185 3379 per-

239 3384 324 3449 venit,
341 3393 372 3438 ut
387 3382 462 3438 haud
479 3382 578 3457 procul
592 3392 675 3450 esset,
691 3383 762 3456 quin
777 3381 902 3437 Remum
918 3392 1098 3457 agnosceret.
1140 3381 1185 3440 lta

192 3461 366 3536 mundique
392 3463 454 3538 regi
479 3460 561 3517 dolus
585 3461 720 3517 nectitur.
751 3460 907 3531 ,Romulus
931 3479 987 3517 non
1009 3480 1077 3517 cum
1098 3461 1186 3537 globo

234 3539 473 3615 juvenum-nec
494 3541 571 3596 enim
593 3549 655 3596 eret
677 3539 712 3595 ad
734 3551 862 3614 apertam
878 3540 936 3595 vim
954 3539 1097 3614 par—sed
1119 3541 1186 3597 aliis

239 3618 295 3674 alio
311 3619 412 3674 itinere
424 3619 512 3694 jussis
533 3629 612 3675 certo
626 3628 753 3692 tempore
769 3617 804 3674 ad
826 3618 936 3694 regiam
951 3619 1050 3675 venire
1065 3620 1184 3694 pastori

238 3696 302 3765 bus,
319 3695 354 3752 ad
375 3715 474 3772 regem
495 3699 634 3773 impetum
656 3695 743 3752 lacit:
764 3706 791 3753 et
807 3715 824 3752 a
838 3695 920 3752 domo
940 3695 1104 3754 Numitoris
1125 3698 1186 3756 alia

240 3785 403 3854 comparata
425 3794 515 3832 manu
536 3775 653 3852 adjuvat
667 3774 796 3832 Remus:
817 3776 859 3832 ita
878 3793 979 3850 regem
998 3777 1181 3835 obtruncant
