2717 4292
207 281 246 342 66
624 293 684 336 rm
704 294 779 338 mvn

254 423 290 482 ad
303 433 436 504 stuprum
457 426 519 503 rapi
533 424 652 497 videret,
667 434 759 484 morte
775 423 867 482 antisti
880 423 987 483 melius
999 433 1096 484 rattrm
1107 442 1198 506 quern

253 505 428 562 contumelia
441 505 555 575 liberos,
570 504 769 563 misericordia
782 523 814 562 se
832 503 1004 580 inspeciem
1018 505 1201 568 crudelitatis

252 582 384 657 lapsum:
405 603 461 641 nec
474 603 506 641 se
520 584 702 660 superstitem
712 583 781 640 filiae
794 581 926 640 futurum
936 581 1035 653 luisse,
1047 584 1199 662 nisispem

252 661 428 720 ulciscendae
442 663 541 721 mortis
555 663 619 737 ejus
629 663 659 719 in
671 663 780 720 auxilio
793 660 1021 720 commilitonum
1032 662 1197 723 habuisset:

222 740 309 798 ciliis
323 760 437 818 quoque
451 743 528 800 euim
543 741 618 798 filias
632 759 744 799 sorores
758 741 955 817 conjugesque
968 760 1043 811 esse,
1057 760 1113 799 uec
1127 761 1198 802 curn

251 819 313 878 lilia
327 839 381 877 sua
402 821 550 878 libidinem
567 821 656 897 Appii
670 820 787 878 Claudii
801 819 974 876 exstinctam
987 839 1050 877 esse
1064 820 1125 890 sed,
1139 841 1197 897 qno

250 899 417 975 impunitior
440 900 485 970 sit,
507 919 542 958 eo
565 899 777 958 effrenatiorem
801 897 879 956 lore:
908 897 1004 955 aliena
1029 899 1196 960 calamitate

250 976 455 1036 documentum
475 979 575 1037 datum
594 978 654 1036 illis
667 975 921 1036 cavendasimilis
941 976 1065 1052 injuriae.
1107 978 1195 1044 Quod

250 1057 287 1114 ed
301 1077 332 1115 se
346 1059 473 1128 attineat,
488 1077 609 1116 uxorem
629 1057 685 1114 sibi
705 1055 763 1114 fato
782 1066 921 1132 ereptam,
936 1055 1037 1126 filiam,
1050 1057 1120 1132 quia
1137 1076 1196 1116 nou

203 1135 240 1193 10
250 1135 327 1194 ultra
341 1137 447 1213 pudica
460 1137 574 1196 victura
588 1136 685 1207 fuerit,
696 1136 832 1193 miseram
845 1134 896 1192 sed
910 1134 1060 1192 honestam
1074 1146 1196 1194 mortem

249 1215 439 1274 occubuisse:
459 1235 517 1273 nou
537 1235 600 1274 esse
622 1215 685 1292 jam
705 1213 795 1291 Appii
815 1213 928 1272 libidini
947 1214 1046 1272 locum
1065 1215 1096 1272 in
1109 1215 1197 1274 domo

249 1311 320 1352 sua:
343 1295 379 1352 ab
400 1294 459 1354 alia
472 1295 609 1353 violentia
623 1294 688 1370 ejus
706 1293 808 1351 eodem
825 1312 857 1350 se
872 1293 968 1351 animo
981 1312 1068 1351 suum
1087 1312 1195 1372 corpus

249 1371 472 1444 vindicaturum,
487 1394 544 1450 quo
558 1373 750 1432 vindicaverit
769 1372 837 1430 filiae
846 1373 986 1430 :-ceteri
1005 1373 1060 1430 sibi
1074 1390 1111 1431 ac
1124 1373 1195 1432 libe·

249 1453 290 1510 ris
314 1453 507 1511 consulerent.
550 1453 624 1511 Haec
648 1452 780 1529 Virginio
804 1450 974 1509 vociferanti
995 1451 1196 1512 succlamabat

202 1531 239 1587 15
249 1531 412 1603 multitudo,
426 1550 482 1590 nec
496 1532 576 1590 illius
589 1531 689 1600 dolori,
703 1549 758 1589 uec
773 1549 835 1587 snae
848 1530 973 1588 libertati
987 1550 1019 1588 se
1033 1530 1193 1590 defuturos.

249 1609 289 1668 Et
302 1611 425 1668 immixti
438 1612 532 1669 turbae
545 1611 669 1668 militum
679 1609 777 1685 togati,
788 1629 858 1667 cum
871 1609 973 1667 eadem
987 1609 1039 1667 illa
1048 1611 1196 1686 querendo

248 1688 441 1765 docendoque,
456 1699 563 1766 quanto
576 1690 640 1747 visa
652 1707 743 1764 qnam
763 1688 862 1746 andita
874 1687 1038 1764 indigniora
1050 1690 1196 1766 potuerint

248 1767 349 1838 videri,
361 1768 448 1826 simul
460 1769 639 1844 profligatam
651 1768 714 1843 jam
727 1784 790 1824 rem
803 1767 962 1825 nuntiando
976 1766 1077 1826 Romae
1089 1788 1197 1828 ease-

248 1845 445 1922 insecutisque
459 1848 510 1924 qui
531 1848 661 1923 Appium
682 1865 769 1924 prope
788 1847 993 1922 interemptum
1013 1847 1044 1904 in
1057 1848 1196 1906 exsilium

199 1925 238 1982 20
249 1925 342 1984 abisse
362 1925 727 2004 dicerent-perpulerunt,
743 1935 776 1983 nt
794 1926 832 1983 ad
852 1944 936 1983 arma
949 1925 1194 1998 conclamaretur,

248 2004 446 2082 vellerentque
467 2005 559 2084 signa,
574 2016 602 2063 et
623 2004 746 2063 Romam
768 2005 1029 2080 proficiscerentur.
1071 2004 1195 2064 Decem.

248 2083 313 2155 viri,
328 2085 414 2142 simul
429 2084 474 2142 his
487 2102 553 2161 quae
567 2084 711 2154 videbant,
725 2084 819 2160 iisque
832 2102 899 2160 quae
917 2094 983 2142 acta
997 2083 1098 2142 Romae
1112 2085 1193 2144 audi-

247 2172 340 2233 erant,
363 2165 530 2240 perturbati,
554 2163 629 2222 alius
655 2164 686 2220 in
713 2163 803 2221 aliam
830 2172 942 2239 partem
968 2172 1129 2222 castrorum
1157 2165 1196 2223 ad

248 2241 389 2300 sedandos
409 2252 502 2300 motus
516 2244 692 2300 discurrunt.
733 2241 774 2300 Et
791 2240 897 2299 leniter
910 2243 1063 2320 agentibus
1076 2261 1193 2320 respon·

198 2321 238 2377 25
248 2338 313 2378 sum
327 2340 384 2379 non
398 2320 543 2379 redditur:
565 2323 720 2397 imperium
739 2321 845 2397 siquis
862 2321 1016 2392 inhiberet,
1030 2331 1060 2380 et
1073 2322 1151 2381 viros
1164 2333 1195 2382 et

248 2409 372 2458 armatos
385 2420 418 2458 se
436 2419 509 2471 esse,
524 2400 721 2478 respondetur.
763 2399 845 2458 Eunt
858 2400 973 2478 agmine
988 2401 1023 2458 ad
1038 2401 1150 2472 urbem,
1164 2411 1195 2460 et

248 2479 429 2537 Aventinum
453 2479 589 2550 insidunt,
611 2488 643 2537 nt
666 2480 790 2556 quisque
816 2487 994 2548 occurrerat,
1013 2478 1129 2555 plebem
1155 2480 1193 2539 ed

247 2559 431 2635 repetendam
446 2558 608 2617 libertatern
623 2559 820 2635 creandosque
834 2558 965 2616 tribunos
978 2557 1070 2634 plebis
1091 2557 1191 2616 adhor-

246 2643 349 2697 tantes'.
392 2638 463 2696 Alia
477 2657 532 2696 vox
547 2638 628 2696 nulla
639 2638 766 2696 violenta
779 2637 878 2695 audita
891 2647 944 2695 est.
984 2637 1125 2696 Senatum
1140 2637 1191 2714 sp.

198 2715 360 2795 300ppius
380 2717 476 2776 habet.
518 2717 601 2776 Nihil
624 2718 721 2794 placet
742 2735 844 2793 aspere
864 2717 922 2793 agi,
939 2716 1046 2800 qnippe
1067 2717 1104 2774 ab
1122 2716 1194 2793 ipsis

247 2794 346 2853 datum
359 2796 457 2854 locum
470 2795 616 2854 seditionis
629 2815 704 2854 esse.
746 2794 901 2853 Mittuntur
914 2805 973 2852 tres
986 2795 1075 2872 legati
1089 2814 1192 2856 cousu-

247 2872 333 2945 lares,
348 2873 398 2950 sp.
415 2873 568 2949 Tarpeius,
580 2873 615 2932 C.
630 2873 738 2945 Julius,
750 2873 782 2931 P.
795 2874 953 2951 Sulpicius,
964 2873 1016 2950 qui
1028 2885 1194 2949 quererent

247 2960 365 3010 senatus
385 2952 490 3023 verbis,
505 2953 591 3030 cnjus
608 2953 694 3029 jussu
715 2963 812 3011 castra
831 2953 1035 3023 deseruissent,
1050 2962 1102 3012 aut
1120 2953 1190 3029 quid

246 3030 301 3087 sibi
321 3030 438 3101 vellent,
456 3031 507 3107 qni
528 3033 631 3090 armati
651 3033 832 3091 Aventinum
851 3032 1037 3101 obsedissent,
1058 3031 1193 3109 belloque

195 3107 231 3164 35
248 3127 350 3167 averso
370 3110 406 3166 eb
426 3110 555 3168 hostibus
574 3112 699 3188 patriam
718 3131 803 3171 suam
816 3112 980 3189 cepissent..
1010 3110 1080 3170 Nou
1098 3110 1194 3172 donat

246 3188 316 3263 quid
343 3188 572 3266 responderetur,
592 3189 693 3248 deerat
715 3191 767 3267 qui
793 3190 876 3249 daret
899 3190 1193 3268 responsum-nullo

246 3266 316 3325 dum
336 3278 415 3326 certo
429 3267 512 3338 duce,
527 3288 582 3328 nse
600 3269 670 3327 satis
692 3269 864 3328 audentibus
883 3269 1008 3347 singulis
1027 3268 1145 3328 invidias
1157 3289 1190 3328 ae

246 3345 359 3405 offerre.
401 3347 434 3406 Id
450 3347 532 3406 modo
553 3369 571 3424 a
591 3348 775 3407 multitudiue
795 3349 1010 3407 conclamatum
1023 3358 1075 3418 est,
1097 3358 1129 3406 ut
1149 3346 1189 3410 L.

246 3425 400 3485 Valerium
420 3437 449 3486 et
469 3426 511 3484 M.
527 3425 683 3486 Horatium
696 3427 732 3485 ad
753 3446 785 3485 se
803 3429 957 3498 mitterent,
971 3427 1009 3485 iis
1028 3446 1060 3485 se
1074 3427 1194 3487 daturos

198 3506 236 3564 40
247 3523 424 3583 responsum.
466 3505 519 3566 Ll.
541 3505 676 3564 Dimissis
696 3504 800 3584 legatis
820 3506 954 3564 admouet
968 3505 1080 3565 milites
1093 3506 1192 3584 Virgi-

245 3585 321 3654 nius,
335 3586 366 3642 in
386 3604 418 3644 re
432 3603 489 3644 non
510 3587 638 3644 maxima
658 3585 745 3660 paulo
758 3594 825 3643 ante
845 3586 1020 3662 trepidatum
1032 3603 1105 3655 esse,
1120 3586 1192 3661 quia

245 3663 308 3720 sine
328 3665 422 3740 capite
441 3665 593 3723 multitudo
615 3665 731 3734 fuerint,
746 3660 1192 3742 responsumque-quamquam

245 3757 303 3799 non
323 3741 472 3812 inutiliter,
488 3741 603 3801 fortuito
622 3752 720 3800 mmen
740 3743 835 3819 magis
847 3761 991 3804 consensu
1004 3761 1095 3821 quam
1113 3761 1190 3802 com·

174 3893 183 3904 .
245 3817 461 3880 munioomilio
474 3839 555 3880 esse:
577 3821 694 3900 placere
707 3819 809 3878 decem
827 3823 932 3893 creari,
946 3823 998 3899 qui
1010 3839 1134 3884 summa
1146 3820 1191 3882 rai
