2717 4292
461 295 547 337 arara
564 297 618 338 111„
650 297 716 338 car.
731 297 812 350 mx,
827 297 855 338 a.
1111 292 1151 354 05

155 427 305 504 potestatis
319 445 355 484 ac
366 427 575 503 pmvocationis
585 425 621 484 ad
632 425 771 503 populum
781 437 897 505 ereptae,
908 427 1105 504 publicarum·

154 525 212 581 que
236 506 479 582 indignationum,
495 516 566 564 erat.
619 505 727 564 XLIX.
759 507 928 566 Concitatur
952 509 1105 568 multitudo

154 586 260 661 partim
277 586 426 642 atrocitate
440 586 569 654 sceleriS,
581 587 686 662 partim
699 605 750 662 spe
761 605 812 662 per
825 588 1008 644 occasionem
1023 607 1103 664 repe·

154 664 249 720 tendae
272 665 423 721 libertatis.
467 665 582 740 Appius
604 683 683 722 nunc
705 667 803 722 vocari
823 665 937 723 Icilium
955 685 1034 724 nunc
1059 686 1102 724 re-

153 753 329 800 tractantem
344 744 442 819 arripi,
457 754 606 818 postremo,
618 763 687 800 cum
702 744 784 801 locus
799 744 922 802 adeundi
937 746 1102 822 apparitori·
1132 750 1151 804 5

154 822 209 880 bus
229 841 289 878 non
311 822 439 891 daretur,
454 823 515 897 ipse
529 842 598 880 cum
619 824 734 898 cngne
755 824 942 899 patriciorum
959 825 1103 899 juvenum

153 920 206 978 per
230 902 349 958 turbam
373 901 482 958 vadens
506 903 537 959 in
561 902 679 959 viucula
703 901 771 960 duci
791 903 885 977 jubet.
928 902 995 960 Jam
1022 906 1103 963 circa

153 980 271 1039 Icilium
292 999 350 1037 non
364 981 458 1038 solum
471 980 632 1049 multitudo,
647 981 698 1038 sed
712 981 802 1038 duces
815 1000 930 1057 quoque
944 983 1101 1040 multitudi.

153 1061 200 1116 nis
214 1068 300 1116 crant
319 1057 357 1117 L.
374 1059 511 1118 Valerius
525 1069 553 1117 et
567 1059 609 1116 M.
624 1058 775 1129 Horatius,
789 1061 840 1137 qui
860 1061 977 1137 repulso
991 1062 1101 1132 lictore,

153 1139 179 1195 si
199 1139 268 1214 jure
292 1147 400 1214 ageret,
415 1138 564 1196 vindicare
584 1158 615 1196 se
637 1159 655 1198 a
675 1139 786 1215 privato
806 1137 924 1198 Icilium
940 1140 1064 1210 aiebant,
1076 1142 1102 1199 si
1113 1141 1151 1200 10

153 1218 214 1274 vim
238 1215 344 1274 afferre
368 1227 552 1287 conarentur,
574 1219 614 1275 ibi
637 1237 755 1294 quoque
776 1217 855 1276 haud
879 1219 1004 1295 impares
1029 1218 1099 1278 sore.

154 1295 235 1354 Hinc
258 1306 342 1352 atrox
364 1297 429 1354 rixa
451 1297 552 1354 oritur.
603 1297 757 1354 Valerium
779 1297 990 1375 Horatiumque
1017 1298 1102 1357 lictor

153 1375 315 1434 decemviri
336 1376 462 1433 invadit:
484 1374 658 1452 franguntur
679 1394 698 1432 a
716 1376 899 1434 multitudine
920 1375 1024 1436 fasces.
1066 1377 1101 1436 In

154 1455 326 1512 concionem
348 1457 463 1531 Appius
483 1455 629 1512 escendit:
651 1466 813 1530 sequuntur
833 1454 973 1514 Horatius
986 1455 1100 1514 Valeri-

154 1553 265 1610 usque:
289 1553 338 1592 eos
352 1535 452 1592 concio
466 1534 555 1604 audit,
567 1534 733 1592 decemviro
747 1535 928 1609 obstrepitur.
970 1534 987 1591 J
990 1554 1037 1591 am
1051 1539 1150 1612 pr015

153 1614 276 1688 imperio
287 1612 426 1670 Valerius
440 1613 588 1670 discedere
603 1633 621 1670 a
635 1614 745 1688 privato
757 1613 872 1670 lictores
881 1613 1011 1689 jubebat,
1023 1634 1100 1685 cum,

154 1690 255 1749 fractis
270 1693 384 1762 animis,
396 1693 520 1768 AppiuS,
532 1693 598 1749 vitae
612 1703 754 1761 metuens,
769 1693 799 1749 in
813 1692 930 1750 domum
943 1712 974 1750 se
988 1694 1100 1771 propin-

152 1791 256 1847 quum.
272 1770 343 1840 foro,
366 1773 465 1829 inseiis
493 1771 675 1842 adversariis,
698 1773 791 1848 capite
818 1771 961 1840 obvoluto,
986 1774 1098 1850 recipit.

152 1850 205 1926 Sp.
222 1849 345 1927 Oppius,
361 1859 392 1907 ut
415 1851 524 1908 auxilio
546 1851 667 1928 collegae
688 1860 772 1919 esset,
787 1851 817 1906 in
839 1850 936 1909 sorum
952 1871 990 1908 ex
1009 1853 1100 1910 altera

151 1940 235 2006 parte
250 1931 402 2007 irrumpit:
420 1929 496 1987 videt
510 1931 664 2005 imperium
676 1931 706 1987 vi
720 1931 844 1987 victum:
862 1932 988 2006 agitatus
996 1930 1099 1990 deiude
1109 1935 1149 1990 20

152 2009 410 2084 consiliis-atqua
425 2028 462 2066 ex
480 2010 558 2066 omni
573 2019 653 2085 parte
668 2009 850 2067 assentiendo
863 2010 963 2066 multis
977 2013 1098 2067 auctori-

152 2088 210 2146 bus
237 2087 604 2164 trepiduverat—seuatum
627 2098 768 2162 postremo
793 2088 891 2146 vocari
914 2087 1011 2164 jussit.
1053 2087 1101 2148 Ea

152 2185 210 2237 res,
225 2167 301 2243 quod
317 2186 430 2244 magnae
449 2168 522 2243 parti
543 2178 657 2243 patrum
671 2167 824 2244 displicere
839 2179 905 2225 acta
925 2166 1099 2226 decemviro-

152 2265 221 2303 rum
243 2245 424 2315 vidcbantur‚
439 2265 489 2322 spe
504 2265 554 2322 per
568 2257 702 2304 senatum
721 2245 856 2304 finienda
876 2246 1021 2322 potestatis
1036 2248 1100 2324 ejus

153 2325 370 2382 multitudinem
398 2325 517 2382 sedavit.
559 2325 686 2382 Senatus
709 2345 764 2383 uec
789 2325 902 2403 plebem
929 2326 1098 2384 irritandam
1109 2331 1149 2386 25

152 2406 278 2474 censuit,
293 2415 322 2462 et
344 2406 434 2462 multo
458 2405 551 2482 magis
578 2404 795 2480 providendum,
814 2423 852 2461 ne
873 2405 943 2480 quid
971 2405 1099 2483 Virginii

153 2483 296 2542 adventus
324 2485 354 2540 in
383 2483 514 2542 exercitu
541 2494 635 2540 motus
663 2482 784 2541 faceret.
826 2482 863 2542 L.
889 2482 990 2559 Itaque
1019 2485 1099 2542 missi

152 2561 284 2641 juniores
311 2573 427 2639 patrum
454 2563 484 2620 in
512 2573 617 2632 castra,
637 2581 703 2637 quae
727 2572 789 2618 tum
813 2562 843 2618 in
867 2556 962 2618 monte
984 2561 1099 2620 Vecilio

153 2653 247 2712 erant,
260 2643 393 2699 nuntiant
403 2641 584 2711 decemviris,
597 2651 629 2697 ut
638 2641 716 2698 omni
727 2659 781 2715 ope
796 2640 832 2696 ab
846 2639 982 2696 seditione
994 2641 1100 2697 milites

153 2723 332 2779 contineant.
373 2720 415 2778 Ibi
437 2721 590 2798 Virginius
611 2719 759 2796 majorem,
780 2736 869 2794 quarn
893 2717 1049 2793 reliquerat
1068 2719 1098 2776 in
1111 2721 1149 2777 30

153 2801 237 2870 urbe,
259 2811 368 2858 motum
401 2801 526 2859 excivit:
558 2817 636 2868 nam,
661 2809 853 2874 praeterquam
880 2796 956 2873 quod
983 2797 1099 2874 agmine

152 2897 242 2956 prope
262 2879 540 2956 quadringentorum
561 2879 712 2938 bominum
732 2877 941 2952 veniens-qui
966 2877 1003 2934 ab
1027 2878 1099 2936 urbe

152 2958 324 3036 indignitate
339 2960 382 3016 rei
396 2959 513 3016 accensi
527 2958 645 3016 comites
659 2958 688 3014 ei
701 2976 733 3015 se
751 2957 1099 3034 dederent-conspectus

152 3048 205 3108 cst,
217 3039 350 3096 strictum
365 3038 452 3096 etiam
466 3036 565 3107 telum,
577 3055 784 3113 respersusque
798 3037 859 3112 ipse
873 3054 986 3105 cruore,
998 3047 1055 3095 tota
1068 3037 1099 3093 in

152 3137 184 3175 se
205 3126 304 3174 castra
323 3117 480 3175 convertit:
502 3126 531 3174 et
551 3126 633 3193 togae,
648 3114 837 3174 multifariam
858 3116 888 3172 in
902 3117 1006 3175 castris
1019 3117 1097 3186 visae,
1109 3119 1148 3176 35

152 3195 272 3270 majoris
286 3196 444 3271 aliquantu,
452 3214 541 3271 quam
554 3205 625 3264 erat,
637 3195 764 3270 speciem
778 3195 897 3252 urbanae
908 3195 1100 3252 multitudinis

153 3274 295 3334 fecerant.
338 3275 552 3342 Quaerentibus,
571 3274 641 3349 quid
662 3275 704 3331 rei
725 3284 809 3341 esset,
829 3273 901 3330 flens
923 3272 973 3329 diu
998 3292 1098 3330 vocem

152 3373 209 3411 non
225 3354 319 3411 misit:
340 3354 467 3423 tandem,
483 3363 514 3410 ut
530 3353 592 3428 jam
606 3372 643 3410 ex
662 3353 849 3429 trepidatione
863 3352 1098 3408 concurrentium

152 3434 239 3490 turba
262 3433 387 3490 constitit
409 3453 445 3490 ac
459 3433 613 3490 silentium
638 3431 700 3502 suit,
715 3432 814 3488 ordine
836 3441 942 3486 cuncta
964 3438 996 3485 ut
1017 3438 1100 3504 gesta

153 3521 237 3570 erant
255 3513 404 3588 exposuit:
432 3512 551 3588 supinas
571 3510 674 3569 deinde
695 3509 815 3568 tendens
835 3526 939 3564 manus
960 3505 1144 3564 commili-40

153 3599 235 3650 tunes
263 3591 413 3668 appellans
440 3591 548 3660 orabat,
569 3609 615 3658 ne,
639 3589 716 3665 quod
743 3588 840 3646 scelus
868 3586 958 3662 Appii
984 3584 1099 3643 Claudii

154 3680 239 3738 esset,
260 3671 315 3728 sibi
347 3671 544 3739 attribuerent,
569 3688 626 3726 neu
654 3689 686 3725 se
714 3677 746 3725 ut
773 3665 948 3744 parricidam
975 3665 1100 3724 liberum

154 3760 377 3808 aversarentur:
411 3750 466 3807 sibi
491 3750 578 3806 vitam
606 3747 674 3804 filiae
701 3765 756 3803 sua
782 3745 923 3804 cariorem
951 3743 1050 3816 fuisse,
1073 3745 1099 3804 si

155 3823 246 3890 libere
260 3847 296 3900 ac
306 3828 413 3909 pudIee
427 3829 525 3888 vivere
539 3827 652 3887 licitum
662 3823 785 3885 inisset:
805 3844 876 3884 cum
889 3823 1099 3884 velutservcm
