2717 4292
197 265 253 327 106
520 246 522 251 ’
614 274 674 317 rm
695 274 770 317 nrvu

192 466 195 477 .
243 430 358 471 summa
373 428 470 468 rerum
484 408 569 485 cepit,
581 406 662 465 uelut
676 407 701 465 si
713 406 775 482 jam
790 402 826 462 ad
840 411 936 482 portas
950 401 1039 460 hostis
1052 410 1137 473 esset,
1149 408 1192 480 ut,

244 502 284 549 tot
298 510 356 549 uno
374 501 503 567 tempore
524 487 648 547 motibus
669 486 760 544 animi
780 484 896 553 turbati,
906 481 1084 560 trepidarent
1098 483 1193 559 magis

244 590 333 649 quam
347 570 542 628 consulerent.
584 565 614 624 N
618 585 664 623 am
678 584 774 642 neque
793 564 903 621 hostem
917 563 1061 620 acriorem
1075 562 1192 619 bellico·

245 652 408 726 sioremque
433 667 535 705 secum
559 664 758 723 congressum,
780 662 836 701 nec
859 661 921 700 rem
938 641 1109 699 ¹Romanam
1133 651 1194 699 1001

198 736 215 789 5
245 728 373 788 desidem
388 746 517 805 unquam
532 724 620 784 fuisse
637 735 725 801 atque
745 723 904 781 imbellem.
946 720 1054 779 Sardos
1075 721 1193 780 Corsos-

245 828 302 887 que
317 818 343 867 et
365 807 452 866 lstros
473 816 560 883 atque
577 804 694 881 Illyrios
712 804 865 862 lacessisse
884 800 979 878 magis
1000 819 1089 877 quam
1111 819 1193 858 exer·

246 890 342 948 cuisse
358 886 491 946 Romana
511 904 601 954 arma,
617 894 645 941 et
665 902 735 942 cum
755 882 851 941 Gallis
871 880 1081 939 tumultuatum
1094 878 1218 939 verius*

246 987 335 1045 quam
354 967 573 1046 belligeratumt
594 964 719 1021 Poenum
740 963 850 1020 hostem
868 971 1048 1030 veteranum,
1063 960 1152 1018 trium
1165 968 1196 1018 et

247 1048 349 1125 viginti
372 1065 514 1105 annorum
536 1044 640 1101 militia
658 1042 814 1100 durissima
834 1042 910 1099 inter
926 1038 1073 1117 Hispanas
1094 1048 1196 1116 gentes

202 1130 361 1204 lOsemper
381 1127 529 1195 victorem,
552 1124 620 1181 duci
643 1122 787 1180 acerrimo
807 1130 967 1190 assuetum,
988 1128 1133 1177 recentem
1158 1118 1197 1175 ab

247 1206 360 1265 excidio
392 1204 617 1282 opulentissima
645 1202 727 1259 urbis
763 1201 881 1260 Iberum
908 1199 1043 1269 transire,
1079 1199 1197 1256 trahere

247 1304 347 1343 secum
362 1295 403 1343 tot
417 1286 526 1342 excitos
540 1283 739 1359 Hispanorum
753 1281 881 1358 populos,
897 1279 1081 1337 conciturum
1095 1277 1197 1335 avidas

248 1383 363 1442 semper
388 1383 535 1421 armorum
559 1361 691 1420 Gallicas
713 1370 831 1439 gentes:
863 1378 932 1417 cum
959 1358 1028 1416 orbe
1051 1368 1198 1415 terrarum

249 1445 360 1502 bellurn
386 1443 548 1521 gerendum
575 1441 605 1500 in
633 1440 720 1503 Italia
747 1459 783 1498 00
810 1458 861 1518 010
889 1438 1034 1496 moenibus
1058 1437 1199 1496 1101110010

201 1529 323 1585 150000.
995 1576 1002 1581 .

290 1602 386 1662 XVII.
409 1602 574 1660 Nominatae
581 1602 643 1677 jam
655 1610 741 1657 antea
751 1598 920 1657 consulibus
934 1597 1091 1674 provinciae
1104 1606 1198 1667 erant,
1227 1624 1230 1627 ⁴

248 1692 311 1741 tum
333 1683 428 1739 sortiri
443 1682 535 1757 jussi:
567 1680 703 1739 Cornelio
724 1678 877 1757 Hispania,
900 1677 1070 1754 Sempronio
1093 1675 1199 1734 Africa

249 1781 318 1819 cum
333 1761 435 1818 Sicilia
446 1760 551 1817 evenit.
594 1759 653 1816 Sex
667 1760 699 1816 in
713 1777 782 1816 eum
796 1776 906 1815 annum
920 1756 1045 1815 decretae
1058 1756 1198 1834 legiones,

250 1850 278 1899 et
292 1841 403 1898 socium
415 1848 556 1917 quantum
570 1839 640 1916 ipsis
649 1839 811 1908 rideretur,
823 1847 852 1895 et
865 1837 968 1895 classis
978 1846 1087 1913 quanta
1100 1836 1200 1912 parari

201 1924 239 1981 20
250 1930 353 1999 posset.
394 1919 540 1984 Quattuor
564 1928 593 1976 et
612 1918 715 1995 viginti
728 1917 866 1994 ¹pediturn
887 1916 1086 1975 Romanorum
1107 1914 1201 1973 millia

250 2011 318 2059 sunt
332 2000 439 2075 scripta
453 2008 482 2057 et
497 1998 584 2057 mille·
595 1998 753 2075 octingenti
774 1998 896 2073 equites,
911 1996 1055 2053 sociorum
1075 1994 1199 2072 quadra·

250 2081 331 2158 ginta
345 2080 438 2137 millia
453 2079 590 2155 pediturn,
602 2086 738 2155 quattuor
752 2078 844 2134 millia
858 2085 888 2133 et
900 2074 1105 2152 quadringenti
1119 2074 1200 2151 equi-

251 2169 310 2216 tes:
332 2177 422 2216 naves
442 2158 576 2215 ducentae
595 2158 699 2235 viginti
720 2157 954 2233 quinqueremes,
968 2155 1083 2213 celoces
1096 2153 1201 2231 viginti

251 2237 392 2295 deductae.
435 2235 543 2294 Latum
576 2236 642 2294 111110
675 2236 712 2293 ad
744 2235 893 2313 populum,
928 2235 1038 2293 vellent
1064 2234 1201 2309 juberent

201 2317 355 2393 25p0pn10
369 2316 602 2393 Carthaginiensi
623 2315 734 2373 bellurn
748 2315 855 2373 indici:
876 2314 998 2392 ejusque
1019 2313 1089 2371 belli
1109 2332 1198 2371 causa

251 2396 425 2473 supplicatio
446 2414 497 2473 per
518 2395 620 2453 urbem
640 2395 747 2464 habita,
766 2404 853 2470 atque
876 2393 985 2451 adorati
1005 2393 1055 2464 dii,
1071 2402 1103 2450 ut
1126 2392 1201 2450 bene

252 2496 287 2534 ao
303 2476 426 2533 feliciter
447 2476 584 2545 eveniret,
600 2475 676 2552 quod
697 2475 807 2532 bellum
829 2474 952 2551 populns
971 2472 1121 2531 Romanus
1138 2472 1200 2548 jus-

252 2557 344 2614 sisset.
386 2554 466 2613 lnter
480 2556 614 2614 consules
628 2556 668 2612 ita
689 2556 781 2631 copiae
800 2553 917 2611 divisae:
939 2553 1108 2629 Sempronio
1127 2551 1202 2609 datae

252 2636 380 2714 legiones
394 2636 536 2693 000-00
549 2645 691 2711 quaterna
706 2635 797 2691 millia
811 2632 1033 2711 erantpeditum
1048 2642 1076 2689 et
1090 2630 1202 2689 treceni

204 2718 434 2792 30equites-et
461 2716 605 2772 sociorum
633 2714 781 2771 sexdecim
808 2713 901 2771 millia
928 2712 1067 2789 peditum,
1089 2711 1202 2787 equites

253 2795 332 2853 mille
354 2796 520 2871 octingenti,
542 2811 632 2851 naves
653 2794 749 2870 longae
770 2792 888 2851 centurn
911 2792 1071 2869 sexaginta,
1087 2791 1202 2849 celoces

253 2873 414 2931 duodecim.
457 2873 532 2930 Cum
547 2873 592 2931 bis
605 2873 791 2931 terrestribus
804 2873 1015 2948 maritimisque
1029 2872 1120 2948 copiis
1131 2870 1199 2927 Tib.

253 2952 441 3028 Sempronius
455 2952 561 3009 missus
571 2953 601 3008 in
616 2952 757 3023 Siciliam,
769 2954 810 3010 ita
823 2953 854 3009 in
869 2950 1004 3009 Africam
1017 2951 1200 3009 transmissu·

253 3048 313 3102 rus,
329 3032 353 3088 si
368 3031 403 3088 ad
418 3031 576 3090 arcendum
590 3030 811 3091 ltalia-Poenum
825 3032 926 3091 consul
942 3031 1016 3089 alter
1030 3031 1100 3089 satis
1114 3039 1200 3089 esset.

159 3098 191 3185 ,κ
204 3118 242 3173 35
253 3110 388 3170 Cornelio
402 3111 499 3169 minus
519 3111 669 3187 copiarum
690 3112 800 3181 datum,
815 3112 884 3188 quia
899 3110 936 3170 L.
953 3110 1082 3168 Manlius
1098 3119 1202 3187 praetor

251 3200 282 3248 et
296 3192 357 3269 ipse
371 3210 439 3249 cum
454 3190 532 3248 haud
546 3190 673 3249 invalido
687 3192 820 3269 praesidio
833 3192 864 3248 in
879 3191 1009 3250 Galliam
1024 3191 1200 3257 mittebatur.

253 3267 385 3328 Navium
400 3271 526 3328 maxime
539 3270 675 3329 Cornelio
691 3290 831 3329 numerus
845 3270 1028 3329 deminutus:
1049 3270 1202 3347 sexaginta
1253 3276 1257 3281 ’

253 3351 477 3428 quinqueremes
498 3349 707 3427 datae—neque
728 3352 807 3409 enim
828 3352 902 3410 mari
917 3361 1073 3409 venturum
1090 3359 1145 3407 aut
1165 3368 1200 3407 ea

253 3441 333 3507 parte
348 3429 417 3487 belli
431 3430 637 3488 dimicaturum
651 3432 762 3489 hostem
776 3430 1002 3489 credebant-et
1015 3429 1081 3487 duae
1095 3428 1201 3487 Romu·

205 3516 243 3570 to
253 3528 299 3567 nae
309 3509 437 3586 legiones
451 3528 520 3567 cum
534 3528 587 3567 suo
597 3509 675 3585 justo
690 3512 820 3585 equitatu
831 3520 859 3567 et
869 3508 1101 3587 quattuordecim
1114 3507 1201 3566 milli·

253 3588 307 3646 bus
329 3589 473 3645 sociorum
495 3588 632 3665 peditum,
647 3589 793 3665 equitibus
817 3590 898 3647 mille
920 3588 1075 3646 sexcentis.
1117 3585 1201 3644 Duas

244 3666 381 3743 legiones
396 3666 542 3725 Romanas
553 3678 581 3725 et
591 3668 693 3725 decem
708 3669 801 3726 millia
815 3669 958 3727 sociorum
970 3667 1108 3745 peditum,
1120 3665 1201 3723 mille
1218 3692 1222 3695 ⁴

252 3746 364 3821 oquites
378 3746 479 3815 socios,
494 3756 646 3805 sexcentos
661 3746 807 3807 Romanos
822 3748 921 3807 Gallia
935 3746 1086 3825 provincia
1099 3744 1201 3813 000010

252 3838 339 3881 versa
351 3823 382 3881 in
396 3822 540 3883 Punicum
554 3825 664 3884 bellum
678 3826 789 3885 habuit.
