2717 4292
491 330 578 373 arasa
598 332 672 374 xxrr.
714 332 779 373 aar.
798 332 880 374 xciv.
954 347 958 356 ·
1120 323 1178 388 179

181 479 251 521 nam
264 463 367 540 primo,
383 471 526 539 postremo
540 461 656 534 samem,
671 471 699 521 et
713 463 906 522 mercenarios
920 463 1035 536 milites,
1050 482 1129 524 max·

180 543 240 600 ime
255 541 380 618 Hispani
394 543 520 620 generis,
529 541 565 599 de
579 543 746 600 transitione
761 543 871 621 cepisse
883 544 1036 602 consilium
1051 543 1130 604 sama

181 631 267 692 esset,
282 623 344 698 ipse
359 622 447 679 etiam
469 622 616 680 interdurn
635 621 782 680 Hannibal
803 621 839 679 de
861 621 932 701 fuga
952 626 982 682 in
1000 623 1129 682 Galliam

180 700 289 758 dicitur
304 701 437 777 agitasse,
447 702 488 759 ita
502 711 542 771 ut,
552 700 652 759 relicto
666 701 795 777 peditatu
803 703 891 771 omni,
900 721 969 760 cum
983 704 1128 780 equitibus

180 799 212 838 se
233 781 403 857 proriperet.
445 779 521 838 Cum
542 781 605 839 haec
619 781 740 838 consilia
761 789 848 857 atque
868 780 917 839 hic
937 782 1051 841 habitus
1066 783 1157 840 ani-b

180 877 296 918 morum
316 868 393 916 esset
414 859 444 916 in
466 861 578 931 castris,
593 879 709 918 movere
726 859 792 917 inde
813 861 913 918 statuit
928 861 967 922 iu
988 862 1128 920 calidiora

180 948 269 1016 atquo
293 957 328 996 eo
349 940 507 998 maturiora
530 939 673 997 messibus
698 939 816 1017 Apuliae
837 940 911 1009 loca,
933 940 1020 998 simul
1041 941 1126 1016 quod,

179 1037 239 1095 quo
263 1017 379 1094 longius
402 1018 438 1074 ab
458 1018 540 1076 hoste
564 1020 740 1089 recessisset,
761 1016 925 1096 transfugia
947 1018 1128 1096 impeditiora

179 1095 295 1155 levibus
315 1097 442 1174 ingeniis
461 1106 566 1155 essent.
609 1097 760 1156 Profectus
781 1107 824 1156 est
844 1107 936 1169 noete,
951 1099 1068 1176 ignibus
1088 1099 1124 1157 si-

178 1177 288 1234 militer
308 1175 401 1246 factis,
423 1177 677 1254 tabernaculisque
692 1178 793 1253 paucis
813 1178 985 1254 inspeciem
1006 1178 1125 1250 relictis,
1137 1177 1174 1234 10

178 1265 211 1314 ut
231 1255 403 1313 insidiarum
416 1273 471 1332 par
483 1257 572 1332 priori
586 1265 682 1313 metus
696 1257 855 1314 contineret
869 1255 1025 1316 Romanos.
1067 1257 1125 1316 Sed

178 1353 231 1410 per
258 1334 383 1393 eundem
411 1334 567 1394 Lucanum
594 1335 743 1393 Statilium
770 1335 903 1392 omnibus
928 1337 1005 1394 ultra
1028 1348 1125 1395 castra

178 1423 317 1490 transque
340 1424 450 1472 montes
474 1415 638 1491 exploratis,
667 1433 737 1472 cum
765 1413 889 1471 relatum
917 1425 1000 1485 esset,
1029 1415 1124 1472 visum

176 1494 279 1570 procul
304 1493 429 1551 bostium
455 1513 569 1572 agmen,
592 1503 653 1551 tum
677 1492 714 1551 de
738 1492 915 1568 insequendo
942 1512 976 1550 eo
1004 1493 1125 1551 consilia

176 1573 283 1650 agitari
298 1581 403 1648 coapta.
445 1572 522 1631 Cum
537 1573 689 1648 utriusque
703 1571 832 1630 consulis
846 1572 956 1641 eadem,
977 1591 1043 1648 quae
1057 1582 1124 1632 anta
1136 1574 1173 1629 15

176 1669 301 1727 semper,
322 1651 425 1710 fuisset
446 1654 596 1722 sententia,
618 1660 751 1710 ceterum
777 1651 904 1709 Varroni
932 1649 992 1708 fere
1014 1670 1122 1722 ornnes,

176 1729 269 1788 Paulo
292 1750 378 1790 nemo
397 1741 502 1810 praeter
523 1731 681 1790 Servilium
702 1731 804 1807 prioris
820 1731 889 1787 anni
908 1729 1057 1789 consulem
1079 1749 1122 1788 as-

176 1811 342 1881 sentiretur,
357 1812 475 1888 majoris
495 1812 586 1888 partis
605 1811 747 1868 sententia
762 1810 798 1866 ad
823 1809 1014 1868 nobilitandas
1038 1809 1122 1868 clade

176 1888 311 1947 Romana
325 1891 451 1961 Cannas,
467 1899 589 1967 urgente
604 1889 671 1960 fate,
686 1889 808 1966 profecti
828 1899 905 1946 sunt.
948 1888 1039 1965 Prope
1054 1908 1123 1946 eum

175 1969 276 2026 vicum
290 1969 439 2028 Hannibal
453 1980 550 2028 castra
564 1979 698 2046 posuerat
720 1986 823 2026 aversa
837 1989 854 2039 a
868 1968 1014 2026 Vulturno
1028 1978 1121 2038 vento,
1133 1971 1172 2027 20

174 2049 228 2124 qui
252 2050 363 2126 campis
386 2050 502 2107 torridis
525 2049 656 2106 siccitate
680 2048 773 2106 nubes
797 2048 926 2123 pulveris
947 2048 1035 2105 vehit.
1089 2046 1121 2105 Id

175 2147 246 2185 cum
266 2128 336 2204 ipsis
350 2130 454 2187 castris
473 2127 707 2206 percommodum
722 2125 785 2197 fuit,
799 2137 860 2184 tum
875 2127 1002 2184 salutare
1021 2127 1121 2203 praeci-

175 2226 234 2284 pue
248 2205 380 2265 futurum
389 2217 460 2278 erat,
472 2227 541 2265 cum
556 2206 649 2264 aciem
660 2207 827 2284 dirigerent,
839 2207 892 2283 ipsi
904 2205 1122 2284 aversi-.-terga

174 2295 289 2345 tantum
298 2288 413 2345 afflante
423 2287 577 2361 vento-in
588 2298 766 2345 occaecatum
780 2286 901 2364 pulvere
911 2285 1002 2344 offuso
1011 2285 1121 2344 hostem

175 2367 344 2443 pugnaturi.
553 2364 555 2368 ’
1131 2367 1170 2422 25

137 2489 143 2501 .
216 2444 327 2504 XLIV.
350 2444 503 2516 Consules,
521 2445 592 2502 satis
612 2445 768 2521 exploratis
790 2445 951 2514 itineribus,
966 2443 1128 2520 sequentes

174 2523 309 2595 Poenum,
322 2535 354 2582 ut
364 2536 483 2582 ventum
494 2525 530 2582 ad
544 2524 661 2583 Cannas
675 2532 727 2593 est,
740 2531 771 2580 ut
785 2524 815 2579 in
826 2533 982 2598 conspectu
997 2523 1121 2580 Poenum

174 2603 329 2675 habebant,
352 2605 420 2662 bina
442 2613 538 2662 castra
562 2604 771 2671 communiunt,
793 2602 892 2659 eodem
918 2599 1009 2657 ferme
1033 2601 1119 2658 inter.

175 2684 262 2753 vallo,
277 2703 335 2760 quo
350 2683 392 2741 ‘ad
408 2683 577 2753 Geronium,
593 2683 669 2740 sicut
684 2692 759 2751 ante,
774 2681 863 2757 copiis
884 2679 993 2737 divisis.
1036 2678 1119 2736 Aufi-

174 2762 230 2820 dus
250 2765 353 2834 amnis,
374 2764 503 2840 utrisque
524 2763 627 2820 castris
649 2760 781 2830 affluens,
804 2760 915 2828 aditum
934 2758 1120 2833 aquatoribus
1131 2761 1169 2816 30

175 2860 212 2898 ex
226 2862 281 2901 sua
295 2843 440 2919 cujusque
453 2842 663 2919 opportunitate
674 2839 752 2898 haud
766 2841 827 2897 sine
843 2838 1001 2896 certamine
1015 2838 1118 2896 dabat:

174 2938 211 2979 ex
233 2922 394 2980 minoribus
414 2932 511 2980 tamen
535 2922 647 2992 castris,
669 2937 734 2996 quae
758 2919 849 2996 posita
873 2928 952 2976 trans
976 2918 1119 2976 Aufidum

175 3011 269 3072 erant,
294 3001 416 3060 liberius
443 3002 625 3077 aquabantur
653 2999 786 3071 Romani,
811 2999 881 3075 quia
909 2999 972 3075 ripa
999 2998 1120 3056 ulterior

175 3080 291 3139 nullum
313 3082 436 3139 habebat
450 3081 574 3139 hostium
594 3079 770 3157 praesidium.
812 3077 960 3136 Hannibal
974 3097 1054 3154 spem
1068 3097 1117 3136 na·

175 3169 249 3231 ctus,
265 3160 338 3219 locis
358 3163 433 3219 natis
452 3159 488 3218 ad
509 3171 673 3236 equestrem
691 3178 829 3236 pugnam,
844 3177 903 3234 qua
917 3168 997 3235 parta
1012 3157 1118 3214 virium
1129 3157 1167 3212 35

175 3239 302 3298 imictus
322 3249 393 3311 erat,
409 3240 536 3298 facturos
556 3240 668 3316 copiam
689 3238 838 3316 pugnandi
859 3236 1001 3305 consules,
1022 3236 1119 3312 dirigit
1175 3305 1181 3318 Ι

175 3320 270 3376 aciem
283 3319 458 3395 lacessitque
472 3319 669 3377 Numidarum
683 3317 899 3394 procursatione
910 3316 1015 3372 hostes.
1047 3313 1118 3371 Inde

175 3415 278 3456 rursus
291 3398 442 3456 sollicitari
460 3399 598 3456 seditione
619 3397 737 3456 militari
752 3415 787 3454 ac
801 3393 944 3452 discordia
964 3393 1118 3451 consulum

174 3477 309 3535 Romana
329 3490 444 3551 castra;
471 3497 539 3536 cum
560 3477 671 3535 Paulus
691 3475 910 3552 Semproniique
931 3485 960 3530 et
980 3471 1118 3529 Flaminii

174 3559 369 3616 temeritatem
390 3558 524 3629 Varroni,
540 3557 635 3615 Varro
656 3555 819 3632 speciosum
840 3551 946 3610 timidis
967 3571 1002 3610 ac
1022 3551 1165 3628 segni-4⁰

174 3635 233 3710 busr
249 3636 374 3694 ducibus
395 3637 561 3713 exemplum
583 3636 708 3694 Fabium
727 3633 882 3709 objiceret3
905 3640 1116 3706 testareturque

173 3713 242 3774 deos
256 3717 444 3792 hominesque
458 3716 516 3786 hic,
530 3714 642 3773 nullam
656 3731 744 3790 penes
764 3732 795 3769 se
817 3711 934 3788 culpam
954 3730 1026 3780 esse,
1041 3708 1117 3786 quod

176 3792 325 3853 Hannibal
344 3796 407 3871 jam
420 3794 466 3853 vel
486 3812 542 3852 usu
564 3794 687 3870 cepisset
709 3791 832 3862 Italiam,
846 3811 877 3848 se
897 3791 1084 3849 constrictum
1098 3805 1118 3846 a

175 3873 289 3952 collega
302 3875 405 3945 teneri,
421 3873 531 3932 ferrum
551 3882 638 3949 atque
652 3889 735 3930 arma
755 3871 836 3929 iratis
849 3879 879 3930 et
892 3887 1023 3950 pugnare
1036 3865 1117 3948 cupi·
