2717 4292
474 288 561 331 ursan
580 290 613 329 v.
654 289 721 331 car.
736 290 843 331 xrvur.
978 339 984 353 Ι
1105 288 1145 351 93

152 420 262 479 lecerat
276 439 343 479 eam
358 430 564 497 argumentum
578 421 682 498 ingens
695 420 834 491 caritatis
848 440 918 480 cum
931 440 963 479 se
976 422 1097 501 quisque

152 501 231 559 victu
245 519 301 558 suo
318 498 466 568 fraudans,
481 499 643 557 detractum
657 501 770 577 corpori
784 512 870 577 atque
885 501 987 559 usibus
999 519 1099 559 neces-

150 582 235 637 sariis
250 580 287 637 ad
302 580 440 636 honorem
455 580 543 636 unius
556 580 612 637 viri
626 579 779 637 conferret.
822 578 902 637 Tum
916 580 1022 657 vigiles
1035 580 1100 657 ejus

150 659 216 729 loci,
238 678 299 735 qua
322 657 467 715 fefellerat
491 658 650 716 ascendens
671 659 768 728 bostis,
794 660 894 715 citati:
925 670 954 717 et
977 678 1046 718 cum
1068 662 1098 717 iu

150 757 251 796 omnes
275 756 356 794 more
380 736 500 794 militari
527 756 558 794 se
587 738 859 795 animadversurum
884 737 923 804 Q.
949 738 1128 815 Sulpiciusb

149 819 285 875 tribunus
306 815 430 873 militum
452 818 671 891 pronuntiasset,
687 818 884 874 consentiente
905 817 1031 875 clamore
1045 820 1097 875 mi-

149 897 235 955 litum
256 897 287 953 in
309 914 401 952 unum
415 895 536 972 vigilem
556 896 772 973 conjicientium
787 895 914 973 culpam,
934 895 1097 967 deterritus,

149 996 168 1033 a
182 977 288 1033 ceteris
303 974 450 1043 abstinuit,
466 993 548 1031 reum
569 973 647 1031 haud
667 974 789 1031 dubium
804 975 869 1050 ejus
889 994 980 1045 noxae,
996 995 1096 1052 appro·

149 1056 286 1112 bentibus
301 1054 423 1124 cunctis,
439 1053 474 1111 de
489 1072 559 1111 saxo
573 1053 688 1130 dejecit.
731 1052 801 1111 Inde
815 1055 981 1112 intentiores
996 1056 1095 1112 utrim-

148 1154 208 1211 que
234 1133 373 1191 custodiae
393 1152 466 1203 esse,
487 1142 515 1190 et
541 1132 616 1209 apud
637 1132 748 1204 Gallos,
773 1133 843 1209 quia
857 1134 1011 1212 vulgatum
1035 1145 1096 1192 erat
1108 1138 1145 1193 1⁰

148 1215 224 1271 inter
239 1212 329 1271 Veios
354 1212 535 1289 Romamque
556 1213 671 1270 nuntios
692 1230 866 1282 commeare,
888 1224 917 1271 et
940 1212 1017 1289 apud
1040 1211 1095 1271 lto-

148 1312 259 1363 manos,
284 1292 321 1349 ab
343 1292 478 1349 nocturni
500 1290 625 1368 periculi
649 1292 799 1349 memoria.
856 1291 995 1351 XLVlll.
1027 1291 1095 1363 Sed,

148 1382 216 1429 ante
230 1372 328 1430 omnia
347 1369 500 1428 obsidionis
522 1369 648 1445 bellique
669 1370 757 1439 mala,
774 1369 865 1427 fames
887 1372 1031 1446 utrimque
1046 1390 1095 1428 ex-

147 1452 274 1509 ercitum
289 1450 420 1527 urgebat,
431 1447 532 1507 Gallos
546 1448 712 1525 pestilentia
719 1449 816 1518 etiam,
826 1466 895 1505 cum
903 1449 967 1506 loeo
977 1450 1096 1525 jacente

146 1530 225 1588 inter
239 1530 367 1587 tumulos
385 1537 482 1587 castra
502 1527 651 1599 habentes,
665 1537 728 1585 tum
743 1526 781 1583 ab
794 1527 936 1585 incendiis
949 1527 1055 1585 torrido
1067 1537 1096 1586 et
1107 1531 1146 1585 15

146 1610 264 1687 vaporis
285 1609 378 1686 pleno,
400 1609 586 1684 cineremque
608 1625 664 1664 non
690 1606 841 1683 pulverem
862 1606 954 1677 modo,
976 1605 1095 1677 serente,

147 1708 218 1747 cum
242 1688 312 1765 quid
337 1688 415 1745 venti
440 1696 550 1744 motum
574 1696 666 1743 esset:
698 1704 822 1761 quorum
843 1686 1097 1744 intolerantissima

146 1787 230 1845 gens,
245 1768 417 1843 humorique
439 1784 474 1824 ac
496 1764 596 1843 frigori
617 1775 742 1835 assueta,
757 1783 835 1835 eum,
850 1774 966 1823 aestuet
986 1782 1095 1842 angore

73 1842 76 1849 ’
148 1857 264 1917 vexata,
279 1846 405 1923 vulgatis
419 1845 500 1903 velut
520 1846 549 1901 in
571 1862 665 1921 pecua
686 1844 802 1913 morbis,
824 1853 1013 1913 morerentur,
1032 1845 1095 1920 jam

147 1925 265 2004 pigritia
279 1925 409 2002 singulos
429 1923 597 2000 sepeliendi,
612 1924 777 2000 promiscue
798 1933 948 1981 acervatos
962 1923 1144 1982 cumulos20

146 2006 297 2063 hominum
313 2003 443 2074 urebant,
460 2003 665 2079 bustorumque
686 2001 752 2059 inde
775 2000 957 2059 Gallicorum
979 2002 1094 2059 nomine

145 2084 292 2162 insignem
312 2084 410 2141 locum
435 2081 541 2140 secere.
590 2081 720 2140 lnduciae
739 2079 843 2138 deiude
864 2099 933 2138 cum
954 2080 1095 2138 Romanis

147 2162 242 2233 sactae,
258 2172 287 2221 et
307 2163 451 2238 colloquia
470 2161 613 2237 permissu
627 2162 835 2236 imperatorum
849 2160 964 2218 habita:
986 2160 1017 2215 in
1031 2160 1093 2236 qui-

146 2242 212 2312 bus,
229 2262 297 2299 oum
311 2241 466 2299 identidem
488 2239 568 2298 Galli
583 2239 691 2296 famem
705 2240 871 2315 objicerent,
886 2258 979 2315 eaque
993 2257 1092 2296 neces-

146 2322 232 2378 sitate
260 2322 297 2378 ad
325 2320 497 2378 deditionem
521 2328 666 2388 vocarent,
696 2318 811 2388 dicitur,
838 2318 1002 2377 avertendae
1028 2318 1143 2393 ejus25

145 2401 289 2475 opinionis
308 2418 408 2470 causa,
431 2399 529 2457 multis
551 2399 622 2457 locis
643 2398 727 2474 panis
747 2398 783 2455 de
803 2397 945 2474 Capitolio
966 2397 1093 2473 jactatus

146 2498 211 2537 esse
235 2481 265 2537 in
289 2480 414 2537 hostium
438 2478 583 2536 stationes.
634 2476 693 2534 Sed
712 2477 775 2553 jam
800 2495 894 2552 neque
916 2474 1094 2532 dissimulari

145 2576 243 2635 neque
266 2558 335 2616 ferri
360 2559 437 2615 ultra
460 2556 551 2615 fames
573 2565 701 2633 poterat:
732 2554 950 2629 itaqua—dum
971 2552 1094 2609 dictator

145 2636 287 2696 dilectum
314 2656 367 2715 per
391 2657 422 2695 se
447 2636 555 2696 Ardeae
582 2636 678 2704 habet,
702 2634 876 2708 magistrum
899 2632 1029 2705 equitum
1054 2628 1091 2687 L.

145 2716 302 2775 Valerium
324 2737 342 2775 a
362 2716 446 2775 Veiis
466 2716 611 2773 abducere
633 2712 794 2771 exercitum
815 2711 908 2787 jubet,
934 2718 1025 2786 parat,
1050 2708 1143 2767 in-80

146 2798 299 2873 struitque,
321 2797 426 2872 quibus
449 2795 528 2853 haud
549 2797 644 2871 impar
664 2791 811 2850 adoriatur
831 2789 1094 2859 hostes—interim

146 2874 327 2952 Capitolinus
347 2876 502 2945 exercitus,
517 2875 687 2933 stationibus
706 2872 871 2948 vigiliisque
892 2868 994 2940 sessus,
1009 2888 1094 2945 supe·

147 2956 219 3012 ratis
239 2966 337 3013 tamen
357 2955 494 3013 humanis
514 2954 647 3012 omnibus
667 2951 763 3022 malis,
784 2970 854 3009 cum
875 2948 983 3007 famem
1004 2968 1093 3007 unam

147 3044 254 3092 natura
268 3034 346 3093 vinci
360 3053 416 3092 non
430 3035 546 3104 sineret,
566 3032 642 3090 diem
656 3031 692 3089 de
706 3031 752 3088 die
766 3040 961 3108 prospectans,
981 3028 1094 3106 ecquod

148 3114 293 3171 auxilium
317 3115 354 3171 ab
378 3114 517 3172 dictatore
544 3120 706 3188 appareret,
732 3120 873 3187 postremo
900 3129 950 3186 spe
977 3109 1143 3185 quoquebb

146 3192 217 3272 jam,
232 3211 289 3250 non
304 3193 398 3251 solum
412 3193 477 3251 cibo
491 3191 651 3261 deficiente,
667 3197 705 3261 et,
720 3209 789 3249 cum
802 3190 939 3247 stationes
958 3187 1093 3265 procede-

143 3282 221 3344 rent,
237 3291 324 3349 prope
345 3272 531 3330 obruentibus
549 3270 698 3327 infirmum
712 3288 817 3346 corpus
831 3268 928 3336 armis,
951 3265 997 3324 vel
1018 3265 1093 3334 dedi,

149 3352 196 3409 vel
211 3352 313 3409 redimi
327 3372 358 3441 sp
373 3370 558 3428 quacumque
578 3350 710 3427 pactione
725 3356 839 3425 possent
856 3346 961 3422 jussit3
981 3344 1093 3419 jactan-

148 3430 225 3489 tibus
239 3450 296 3489 non
310 3432 432 3489 obscure
447 3431 551 3499 Gallis,
566 3428 644 3486 haud
665 3446 773 3505 magna
788 3423 921 3482 mercede
936 3443 967 3480 se
989 3421 1093 3490 adduci

150 3528 240 3579 nosse,
263 3520 295 3568 ut
315 3511 491 3568 obsidionem
512 3509 687 3584 relinquant.
730 3505 810 3562 Tum
831 3512 949 3562 senatus
969 3501 1093 3572 habitus,
1105 3505 1143 3560 40

150 3590 330 3665 tribunisque
352 3590 477 3648 militum
505 3590 653 3665 negotium
677 3586 786 3654 datum,
812 3593 844 3641 ut
865 3582 1093 3659 paciscerentur.

148 3666 219 3727 lude
243 3670 320 3726 inter
342 3668 381 3734 Q.
398 3668 562 3745 Sulpicium
584 3667 733 3725 tribunum
753 3663 877 3719 militum
897 3671 925 3718 et
946 3660 1096 3718 Brennum

149 3748 287 3826 regulum
311 3748 464 3805 Gallorum
488 3746 630 3821 colloquio
653 3752 802 3801 transacta
825 3760 871 3798 res
895 3749 947 3811 est,
965 3748 994 3797 et
1015 3739 1096 3797 mille

146 3826 242 3913 pondo
264 3828 330 3887 auri
353 3828 477 3904 pretium
501 3825 598 3903 populi
618 3823 753 3901 gentibus
774 3840 840 3879 mox
863 3819 1034 3899 imperaturi
1054 3816 1096 3877 ia·
