2717 4292
189 270 247 330 136
609 280 667 319 τιτι
688 278 763 319 mvn

236 412 304 469 nive
326 412 433 469 mixtus
446 418 474 468 et
493 408 676 467 intoleranda
694 410 739 466 vis
758 407 873 485 frigoris
886 419 915 466 et
931 408 1062 467 homines
1075 408 1182 467 multos

236 501 265 549 et
276 491 408 567 jumenta
423 500 452 546 et
472 490 640 564 elephantos
659 508 747 565 pmpe
768 508 867 545 omnes
888 488 1057 563 absumpsit.
1100 488 1183 547 Finis

236 568 407 647 insequendi
419 570 506 625 hostis
521 568 618 625 Poenis
633 568 742 624 flumen
757 567 866 624 Trebia
881 565 953 639 fuit3
976 578 1006 624 et
1019 568 1060 624 ita
1069 577 1171 643 tor-pan

236 657 280 706 tes
304 649 373 724 gclu
395 649 424 705 iu
439 658 535 704 castra
549 647 669 716 rediere,
686 656 718 703 ut
731 647 780 702 vix
801 646 931 703 laetitiam
947 646 1076 703 victoriae
1096 647 1171 704 senti

208 732 318 785 orent:
340 728 439 802 itaque
453 736 536 783 nocte
550 727 723 801 insequenti,
735 744 804 782 cum
825 725 991 802 praesidium
1010 735 1181 795 castrorum,

237 816 266 863 ct
290 805 365 881 quod
391 805 536 879 reliquum
550 824 586 861 ex
607 824 715 881 magna
737 815 818 881 parte
839 805 965 861 militum
986 814 1057 874 erat,
1074 805 1183 861 ratibus

238 884 378 942 Trebiam
392 884 566 958 trajicerent,
579 894 630 940 aut
643 883 716 940 nihil
731 902 856 953 sensere,
871 884 1051 959 obstrepente
1072 883 1182 960 pluvia,

239 974 297 1033 aut,
309 964 379 1039 quia
390 963 452 1038 jam
467 964 575 1020 moveri
588 963 747 1038 nequibant
762 982 823 1038 prae
844 963 1012 1020 lassitudine
1027 982 1062 1020 ac
1081 962 1182 1019 vulne-

238 1043 327 1111 ribus,
342 1043 448 1099 sentire
463 1060 525 1110 sese
540 1042 760 1098 dissimularunt
768 1061 778 1113 3
797 1042 959 1117 quietisque
975 1041 1083 1111 Poenis,
1094 1042 1182 1099 tacito

192 1124 227 1181 10
239 1122 353 1195 agmine
368 1122 405 1177 ab
419 1121 554 1196 Scipione
569 1121 688 1178 consule
703 1122 851 1178 exercitus
868 1120 1048 1177 Placentiam
1062 1130 1105 1177 est
1119 1138 1181 1196 per·

238 1198 352 1269 ductus,
367 1200 434 1256 inde
455 1200 533 1256 Pado
553 1200 692 1274 trajectus
713 1198 895 1270 Cremonam,
911 1219 947 1257 ne
962 1200 1086 1257 duorum
1101 1217 1182 1257 exer-

237 1279 349 1335 cituum
364 1278 491 1335 hibernis
505 1296 565 1334 una
579 1279 692 1335 colonia
706 1289 895 1353 premeretur.

277 1354 374 1415 LVll.
397 1358 520 1415 Romam
541 1367 637 1414 tantus
657 1367 749 1415 terror
763 1377 799 1413 ex
820 1358 876 1415 hac
890 1357 974 1415 clade
988 1357 1116 1433 perlatus
1130 1367 1182 1427 est,

238 1445 270 1493 ut
288 1437 350 1512 jam
372 1436 407 1493 ad
428 1436 530 1493 urbem
550 1435 712 1493 Romanam
726 1436 879 1493 crederent
898 1435 1009 1493 infestis
1027 1438 1120 1517 signis
1135 1438 1182 1493 ho-

192 1520 311 1574 15stem
326 1524 489 1585 venturum,
505 1534 560 1573 nec
580 1514 739 1591 quidquam
760 1517 821 1591 spei
838 1525 889 1573 aut
910 1516 1013 1572 auxilii
1033 1535 1105 1585 esse,
1125 1535 1184 1593 quc

238 1595 326 1670 portis
340 1595 541 1669 moenibusque
553 1596 611 1650 vim
626 1604 778 1651 arcerent:
800 1613 858 1651 uno
868 1595 988 1652 consule
998 1594 1034 1650 ad
1043 1594 1183 1651 Ticinum

238 1674 323 1743 victo,
339 1674 428 1731 altero
439 1692 475 1730 ex
486 1672 594 1729 Sicilia
602 1683 744 1742 revocato,
756 1672 868 1731 duobus
876 1674 1054 1744 consulibus,
1070 1673 1183 1731 duobus

230 1752 439 1808 consularibus
463 1752 639 1808 exercitibus
661 1753 859 1828 victis—quos
886 1754 958 1809 alios
985 1752 1083 1821 duces,
1108 1772 1183 1829 quas

238 1830 310 1886 alias
321 1830 450 1905 legiones
463 1849 534 1898 esse,
550 1848 616 1904 quae
630 1831 838 1888 arcessanturl
870 1831 915 1889 lta
927 1833 1036 1889 territis
1050 1832 1182 1908 Sempro·

189 1913 228 1968 20
238 1909 304 1965 nius
318 1909 419 1965 consul
434 1908 557 1977 advenit,
573 1910 683 1985 ingenti
698 1910 827 1985 periculo
841 1928 893 1986 per
906 1910 1012 1968 effusos
1026 1913 1134 1987 passim
1145 1912 1182 1969 ad

237 1986 424 2062 praedandnm
439 1988 562 2045 hostium
577 1988 697 2063 equites,
713 1988 835 2045 audacia
850 1990 944 2066 magis
960 2010 1048 2066 quam
1063 1992 1183 2049 consilio

237 2076 288 2122 aut
302 2086 352 2143 spe
368 2065 486 2123 fallendi
506 2067 701 2137 resistendive,
716 2068 741 2123 si
762 2086 819 2124 non
833 2068 956 2139 falleret,
971 2080 1180 2146 transgressus.

237 2142 270 2201 ld
291 2145 367 2220 quod
389 2164 478 2202 unum
493 2146 619 2201 maxime
640 2146 670 2201 in
685 2148 838 2222 praesentia
850 2148 1078 2217 desiderabatur,
1093 2151 1181 2206 comi·

237 2223 284 2278 tiis
298 2224 498 2281 consularibus
513 2224 625 2294 habitis,
643 2226 673 2280 in
689 2225 810 2281 hiberna
820 2225 920 2283 rediit:
942 2226 1033 2285 creati
1047 2229 1183 2287 consules

189 2307 226 2360 2⁵
237 2300 291 2358 Cn.
307 2302 450 2358 Servilius
464 2313 491 2359 et
505 2302 539 2360 C.
555 2302 729 2360 Flaminius.

260 2379 414 2437 -Ceterum
428 2400 465 2437 ne
487 2382 607 2438 hiberna
627 2382 744 2458 quidem
760 2383 898 2441 Romanis
911 2386 1009 2461 quieta
1023 2397 1115 2457 erant,
1132 2406 1180 2444 va-

236 2460 373 2537 gantibus
393 2462 500 2536 passim
520 2460 658 2518 Numidis
672 2463 816 2538 equitibus
836 2473 873 2534 et,
895 2484 1018 2540 quaeque
1039 2466 1076 2522 iis
1092 2468 1181 2542 impe·

237 2538 338 2597 ditiora
362 2552 453 2609 erant,
474 2540 628 2598 Celtiberis
640 2540 873 2618 Lusitanisque:
898 2563 997 2601 omnes
1018 2545 1108 2621 igitur
1129 2565 1180 2602 un·

237 2617 323 2693 dique
338 2618 431 2676 clausi
452 2631 629 2678 commeatus
643 2630 734 2691 erant,
756 2622 812 2678 nisi
826 2642 898 2698 quos
919 2622 996 2680 Pado
1009 2643 1101 2681 naves
1114 2626 1180 2682 sub

189 2701 227 2756 30
237 2699 385 2755 veherent.
441 2698 611 2775 Emporium
639 2719 727 2776 prope
755 2700 932 2758 Placentiam
955 2701 1018 2771 fuit,
1039 2713 1068 2761 et
1094 2723 1180 2780 opere

237 2794 342 2853 magno
357 2778 500 2834 munitum
514 2788 541 2835 et
553 2778 648 2835 valido
662 2780 808 2836 firmatum
820 2780 968 2857 prasidio:
990 2782 1054 2857 ejus
1068 2783 1181 2841 castelli

186 2908 203 2945 ι
237 2855 421 2929 expugnandi
436 2875 486 2930 spe
500 2876 569 2914 cum
583 2858 728 2932 equitibus
744 2878 779 2916 ac
798 2859 856 2916 levi
871 2871 1021 2923 armatura
1035 2861 1183 2937 profectus

237 2930 395 3001 Hannibal,
411 2952 478 2991 cum
500 2936 657 3010 plurimum
679 2938 709 2993 in
724 2938 844 2995 celando
865 2940 977 3016 incepto
992 2940 1028 2996 ad
1043 2940 1180 2999 effectum

237 3011 298 3085 spei
322 3012 477 3082 habuisset,
493 3024 575 3071 nocte
598 3013 722 3086 adortus,
744 3035 801 3073 non
823 3016 925 3076 fefellit
939 3020 1061 3095 vigiles:
1082 3031 1180 3079 tantus

189 3094 226 3151 35
237 3101 353 3165 repente
363 3092 472 3148 clamor
481 3103 522 3150 est
531 3094 671 3164 sublatae,
684 3106 715 3152 ut
726 3095 882 3153 Placentiae
892 3117 1006 3174 quoque
1015 3100 1177 3157 audiretur.

236 3168 337 3245 ltaque
364 3171 418 3227 sub
446 3171 543 3229 lucem
571 3191 639 3230 cum
668 3176 797 3250 equitatu
825 3177 927 3233 consul
955 3176 1064 3248 aderat,
1089 3180 1179 3255 jussis

236 3248 375 3325 quadrato
404 3252 520 3326 agmine
552 3250 713 3329 legionibus
740 3255 833 3330 sequi.
889 3255 1035 3331 Equestre
1063 3259 1179 3315 interim

236 3330 372 3404 proelium
386 3332 581 3401 commissum,
591 3333 621 3387 in
635 3352 701 3407 quo,
716 3334 784 3408 quia
793 3334 912 3392 saucius
921 3335 1069 3392 Hannibal
1081 3356 1180 3413 pugna

236 3410 367 3478 excessit,
382 3411 630 3486 pavorehostibus
650 3412 757 3487 injecto
776 3412 928 3471 defensum
942 3416 1060 3491 egregie
1081 3417 1178 3491 pmsi·

190 3486 315 3547 lodium
330 3498 382 3545 est.
425 3488 589 3547 Paucorum
604 3489 670 3547 inde
692 3490 804 3548 dierum
825 3493 921 3567 quiete
935 3504 1059 3569 sumpta,
1075 3506 1104 3553 et
1117 3496 1177 3551 vix·

234 3566 304 3623 dum
318 3568 387 3625 satis
406 3580 558 3644 percurato
572 3568 703 3637 vulnere,
724 3570 759 3626 ad
774 3569 958 3629 Victumvias
971 3574 1180 3649 oppugnandas

235 3645 277 3702 ire
302 3648 404 3722 pergit.
447 3647 478 3705 Id
503 3649 663 3723 emporium
689 3648 827 3706 Romanis
851 3650 966 3708 Gallico
988 3652 1063 3709 bello
1084 3651 1180 3712 fuerat

235 3726 396 3797 munitum;
420 3726 486 3782 inde
508 3726 605 3783 locum
626 3725 879 3803 frequentaverant
900 3730 1009 3788 accolae
1023 3731 1106 3789 m1xti
1128 3751 1179 3789 un-

218 3874 221 3880 Ι
234 3799 320 3877 dique
335 3821 372 3859 ex
385 3804 515 3861 finitimis
528 3805 641 3881 populis
652 3824 662 3879 3
688 3815 717 3864 et
730 3817 793 3865 tum
807 3815 899 3866 terror
913 3809 1130 3887 populationum
1142 3825 1177 3867 eo

1312 2234 1317 2241 i

1355 2385 1356 2396 t

1355 2549 1356 2558 t

1355 2575 1356 2588 l

1355 2729 1356 2744 l
