2717 4292
211 317 251 380 62
625 327 684 368 τιτι
705 326 779 368 airu
807 368 809 376 ,

261 465 428 517 asserantur
441 457 471 515 in
486 456 656 528 libertatem,
671 458 742 534 quia
755 456 851 533 quivis
871 455 937 534 lege
958 473 1045 533 agere
1063 456 1160 533 possit,
1175 455 1209 516 id

257 538 333 614 juris
347 556 426 594 esse:
448 538 478 594 iu
499 556 543 607 ea,
558 556 623 613 quae
643 537 674 594 in
695 537 784 611 patris
804 553 894 592 manu
913 535 959 604 sit,
974 535 1119 592 neminem
1139 553 1205 609 esse
1226 564 1229 571 ·

228 615 229 628 ¹
255 616 361 686 alium,
377 617 426 673 cui
447 615 579 673 dominus
592 616 769 692 possessione
789 614 890 672 cedat:
912 613 1028 690 placere
1042 615 1140 689 itaque
1155 633 1204 690 pa·

260 704 334 753 trem
349 695 500 753 arcessiri:
522 695 632 752 interea
649 695 726 770 juris
740 694 786 751 sui
801 693 949 769 jacturam
963 692 1134 749 assertorem
1147 711 1203 750 nou

232 774 366 844 efacere,
391 775 463 850 quin
486 773 574 831 ducat
600 774 728 849 puellam
756 771 970 847 sistendamque
993 771 1024 827 in
1047 771 1202 828 adventum.

260 853 286 928 ej
291 872 333 922 us,
348 853 399 928 qui
413 862 495 930 pater
508 852 630 923 dicatur,
642 852 797 929 promittat.
839 850 991 908 Adversus
1004 850 1143 926 injuriam
1156 849 1204 907 de·

260 932 333 990 creti
355 949 424 989 cum
445 932 530 988 multi
551 933 644 1008 magis
663 929 828 1000 fremerent,
842 949 932 1007 quarn
952 929 1107 1006 quisquam
1127 947 1206 987 unus

261 1029 398 1068 recusare
429 1010 557 1081 auderet,
580 1009 613 1068 P.
639 1010 823 1068 Numitorius
851 1007 956 1085 puellae
983 1008 1149 1078 avunculus
1176 1018 1206 1066 et
1241 1071 1252 1089 .

261 1108 382 1166 sponsus
402 1087 503 1148 lcilius
526 1090 740 1152 intervomunt:
767 1089 893 1165 dataque
913 1087 989 1144 inter
1008 1087 1125 1144 turbam
1146 1087 1204 1156 via,

214 1174 249 1230 lt]
261 1187 330 1226 cum
340 1167 493 1226 multitudo
504 1167 579 1226 Icilii
590 1169 716 1226 maxime
730 1169 895 1226 interventu
905 1167 1000 1224 resisti
1014 1185 1097 1242 posse
1108 1165 1205 1245 Appio

260 1246 401 1316 crederet,
416 1247 500 1304 lictor
514 1247 648 1306 decresse
663 1249 712 1317 ait,
728 1245 993 1322 vociferantemque
1007 1243 1123 1302 Icilium
1137 1245 1204 1302 sub-

260 1335 366 1383 movet.
415 1323 567 1383 Placidum
591 1345 705 1404 quoque
727 1319 878 1404 ingenium
900 1334 961 1382 tam
989 1332 1070 1381 atrox
1096 1323 1206 1399 injuria

238 1419 248 1462 ’.
261 1403 440 1462 accendisset
449 1411 517 1462 :-“
526 1403 603 1462 ferro
623 1406 692 1462 hinc
705 1405 757 1463 tibi
775 1402 989 1462 submovendus
1001 1407 1076 1472 suin,
1092 1401 1204 1480 Appi‚''

260 1483 362 1559 inquit,
378 1489 439 1541 “ut
457 1484 579 1541 tacitum
601 1482 677 1541 seras
691 1483 767 1560 quod
780 1482 872 1540 celari
886 1483 940 1539 vis.
983 1480 1136 1561 Virginem
1151 1501 1206 1560 ego

213 1569 250 1626 15
261 1562 337 1620 hanc
351 1580 416 1620 sum
431 1562 573 1620 ducturus
586 1572 765 1638 nuptamque
784 1561 920 1639 pudicam
933 1560 1094 1628 habiturus.
1136 1559 1204 1618 Pro

260 1641 327 1699 inde
341 1660 440 1699 omnes
461 1641 642 1718 collegarum
655 1660 771 1718 quoque
789 1641 904 1698 lictores
924 1654 1061 1709 convoca,
1076 1639 1206 1715 expediri

261 1721 359 1796 virgas
373 1729 401 1778 et
414 1737 534 1777 secures
544 1720 615 1795 jube
626 1739 731 1777 :-n0n
745 1720 872 1777 manebit
885 1728 968 1776 extra
978 1718 1102 1775 ‘domum
1116 1719 1206 1795 patris

260 1817 365 1875 sponsa
378 1797 463 1856 Icilii.
505 1797 582 1868 Non,
594 1799 619 1856 si
631 1799 822 1856 tribunicium
833 1798 975 1856 auxilium
988 1806 1017 1855 et
1031 1798 1206 1872 provocatio·

249 1872 328 1934 'nam
347 1876 424 1955 plebi
445 1876 699 1935 Romanae—duas
719 1896 802 1935 arces
824 1877 965 1945 libertatis
984 1873 1206 1934 tuendae—ade·

212 1965 250 2019 20
262 1957 361 2027 mistis,
377 1955 441 2014 ideo
455 1956 484 2018 in
499 1955 605 2014 liberos
619 1975 733 2034 quoque
747 1966 858 2014 nostros
871 1956 1068 2032 conjugesque
1082 1973 1206 2032 regnum

261 2049 364 2092 vestrae
375 2035 486 2092 libidini
497 2034 597 2092 datum
611 2045 663 2093 est.
706 2035 811 2093 Saevite
822 2036 853 2101 in
866 2044 981 2110 tergum
995 2035 1063 2091 etin
1074 2035 1207 2092 cervices

261 2124 389 2172 nostras:
411 2113 550 2190 pudicitia
564 2113 668 2173 saltem
689 2114 720 2171 in
739 2123 801 2172 tuto
820 2115 867 2172 sit.
909 2113 990 2171 Huic
1004 2113 1030 2170 si
1043 2113 1088 2170 vis
1103 2111 1205 2170 affere·

260 2201 317 2263 tur,
333 2213 386 2270 ego
400 2194 585 2269 praesentium
599 2193 761 2258 Quiritium
775 2213 826 2269 pro
840 2208 952 2269 sponsa,
964 2191 1117 2268 Virginius
1130 2192 1205 2255 mili·

261 2280 324 2329 tum
344 2290 395 2348 pro
409 2272 497 2328 unica
511 2272 581 2341 lilia,
596 2291 697 2330 omnes
711 2271 829 2330 deorum
850 2273 1057 2347 hominumque
1070 2271 1206 2347 implora-

212 2356 251 2412 25
261 2351 358 2407 bimus
371 2349 466 2420 fidem,
481 2368 576 2425 neque
591 2360 622 2408 tu
636 2350 713 2408 istud
727 2370 867 2428 umquam
887 2351 1036 2409 decretum
1049 2351 1112 2407 sine
1124 2349 1206 2408 caede

262 2439 359 2487 nostra
381 2428 499 2486 reseres
541 2428 666 2501 Postulo,
683 2430 770 2506 Appi,
786 2431 874 2488 etiam
896 2438 983 2506 atque
1005 2429 1092 2486 etiam
1112 2429 1205 2486 consi·

261 2507 353 2577 deres,
374 2526 432 2583 quo
456 2508 651 2587 progrediare.
693 2509 847 2586 Virginius
871 2509 975 2567 viderit
998 2507 1034 2565 de
1061 2507 1131 2577 filia,
1155 2508 1206 2566 ubi

261 2587 381 2656 venerit,
393 2587 464 2664 quid
478 2597 559 2666 agat:
579 2588 633 2646 hoo
644 2597 756 2646 tantum
767 2589 848 2658 sciat,
860 2587 924 2657 sibi,
933 2588 959 2645 si
971 2587 1059 2663 hujus
1073 2586 1206 2644 vindiciis

261 2668 389 2736 cesserit,
404 2667 595 2725 conditionem
610 2666 678 2724 filiae
692 2667 878 2743 quaerendam
893 2687 974 2724 esse:
995 2685 1042 2723 me
1056 2665 1205 2723 vindican-

213 2752 251 2808 30
261 2754 319 2802 tem
334 2764 467 2822 sponsam
480 2746 511 2802 in
524 2745 687 2804 libertatem
699 2748 758 2804 vita
771 2747 857 2804 citius
871 2745 983 2804 deseret
995 2763 1084 2820 quam
1098 2745 1119 2801 fi
1173 2743 1206 2801 .''

262 2823 372 2882 XLVI.
405 2823 556 2880 Concitata
590 2824 743 2882 multitudo
762 2823 841 2895 erat,
865 2835 1069 2900 certamenque
1096 2825 1206 2882 instare

261 2902 422 2958 videbatur.
464 2900 597 2959 Lictores
617 2901 734 2960 Icilium
755 2904 1023 2962 circumsteterant:
1051 2920 1107 2960 nec
1129 2903 1207 2959 ultra

261 2979 355 3037 minas
376 2989 473 3037 tamen
486 2997 652 3056 processum
673 2991 725 3052 est,
741 3001 809 3039 cum
830 2983 954 3058 Appius,
968 3001 1025 3057 non
1039 2981 1206 3058 Virginiam

261 3057 375 3116 defendi
396 3059 432 3115 ab
452 3057 543 3128 Icilio,
558 3059 608 3117 sed
628 3060 790 3135 inquietum
810 3061 955 3118 hominem
977 3070 1006 3118 et
1027 3061 1207 3118 tribunatum

213 3142 250 3200 85
261 3138 349 3195 etiam
362 3155 442 3194 nunc
456 3139 620 3214 spirantem,
634 3139 730 3196 locum
755 3139 902 3198 seditionis
922 3157 1063 3216 quarere,
1078 3139 1206 3196 diceret:

260 3235 318 3274 non
329 3217 517 3292 praebiturum
528 3237 559 3274 se
573 3218 616 3274 illi
631 3237 665 3275 eo
675 3217 722 3275 die
736 3218 904 3276 materiam:
925 3219 975 3277 sed
990 3227 1022 3275 ut
1031 3219 1095 3294 jam
1108 3219 1207 3288 sciret,

260 3314 317 3353 non
329 3296 357 3353 id
371 3295 537 3372 petulantiae
551 3314 612 3354 suae
626 3297 676 3354 sed
687 3296 823 3374 Virginis
836 3298 946 3356 absenti
956 3306 985 3355 et
995 3298 1087 3375 patrio
1097 3297 1208 3355 nomini

260 3385 289 3434 et
303 3375 428 3433 libertati
443 3374 551 3446 datum,
564 3375 642 3452 justo
656 3376 702 3433 die
716 3396 748 3434 ae
761 3395 820 3434 non
836 3376 983 3435 dicturum
996 3394 1092 3453 neque
1106 3375 1206 3433 decre·

260 3463 322 3512 tum
336 3454 588 3531 interpositurum:
611 3474 629 3511 a
649 3453 692 3511 M.
707 3453 830 3513 Claudio
850 3457 1018 3533 petiturum,
1033 3465 1065 3513 ut
1085 3455 1206 3512 decede-

212 3539 250 3595 4⁰
261 3543 304 3591 ret
321 3534 389 3610 jure
410 3553 463 3590 suo
476 3532 676 3610 vindicarique
691 3535 820 3610 puellam
833 3535 864 3592 in
878 3545 1023 3612 posterum
1037 3533 1114 3591 diem
1128 3542 1206 3610 pate·

261 3621 358 3675 retur:
380 3612 526 3688 quodnisi
547 3621 628 3688 pater
641 3622 753 3688 postero
773 3613 820 3670 die
835 3613 973 3684 affuisset,
988 3613 1161 3672 denuntiare
1174 3632 1207 3670 se

260 3689 342 3748 Icilio
356 3691 556 3767 similibusque
579 3689 663 3762 Icilii,
678 3709 775 3768 neque
799 3691 859 3769 legi
880 3712 942 3750 suae
965 3693 1087 3751 latorem
1110 3710 1216 3767 nequa·

260 3767 425 3826 decemviro
443 3770 632 3828 constantiam
652 3769 767 3828 defore:
788 3789 844 3828 nec
864 3791 896 3830 se
910 3773 1011 3847 utique
1024 3771 1206 3849 collegarum

261 3843 377 3904 lictores
397 3856 623 3905 convocaturum
644 3848 681 3905 ad
700 3849 876 3909 coercendos
895 3850 1042 3909 seditionis
1061 3857 1206 3920 auctores,
