2717 4292
196 255 253 319 156
614 282 673 324 τιτι
694 282 769 324 amr

238 432 311 475 mus.
357 413 469 471 Fumus
483 433 519 472 ex
534 414 675 471 incendiis
688 413 823 471 villarum
839 434 1034 492 agrorumque
1049 419 1079 475 iu
1090 419 1191 477 oculos

240 502 325 585 atque
348 512 398 550 ora
421 495 518 566 venit3
552 504 683 570 strepunt
703 495 988 553 auresclamoribus
1013 497 1189 571 plorantium

238 573 391 642 sociorum,
407 574 513 650 saepius
537 592 696 649 nosquam
722 574 841 631 deorum
864 576 1063 633 invocantium
1085 598 1188 653 opem:

238 669 289 709 nos
301 652 348 710 hic
363 672 501 728 pecorum
523 654 604 711 modo
619 672 670 729 per
685 654 799 712 aestivos
820 654 911 711 saltus
925 655 1083 731 deviasque
1098 658 1189 715 calles

208 734 398 790 {resarcitum
423 733 566 802 ducimuS,
589 734 696 791 conditi
724 734 850 791 nubibus
874 734 1023 810 silvisque.
1074 735 1106 792 Si
1133 738 1188 795 hoc

237 811 320 869 modo
334 811 514 891 peragrando
534 814 690 870 cacumina
703 813 852 889 saltusque
874 812 916 869 M
933 813 1042 871 Furius
1057 818 1188 891 recipere

237 910 254 947 a
277 890 371 949 Gallis
392 892 495 949 urbem
516 893 662 962 voluisset,
677 912 735 969 quc
756 893 804 951 hic
824 911 918 949 novus
938 892 1090 964 Camillus,
1105 896 1187 953 nobis

237 970 359 1034 dictator
387 972 492 1029 unicus
518 973 549 1028 in
577 972 664 1029 rebus
692 971 804 1029 affectis
835 974 984 1048 qnaesitus,
1007 973 1122 1031 Italiam
1151 975 1187 1032 ab

236 1048 402 1109 Hannibale
415 1070 589 1127 recuperare
601 1060 693 1127 parat,
705 1051 860 1114 Gallorum
874 1051 969 1109 Roma
982 1064 1076 1126 esset,
1097 1074 1187 1129 quarn

145 1164 163 1185 a
189 1132 225 1189 10
235 1147 346 1200 vereor,
368 1149 414 1200 ne,
437 1131 479 1189 sic
503 1131 709 1189 cunctantibus
727 1132 819 1200 nobis,
841 1129 1002 1189 Hannibali
1026 1152 1063 1190 ac
1087 1133 1187 1192 Poenis

209 1212 210 1215 ’
235 1209 317 1265 toties
331 1210 512 1268 servaverint
526 1211 651 1287 majores
665 1212 764 1267 nostri.
806 1210 865 1267 Sed
879 1212 925 1267 vir
939 1230 974 1269 ac
988 1231 1057 1269 vere
1079 1212 1185 1270 Roma-

234 1306 299 1359 nus,
315 1308 373 1365 quo
391 1290 447 1360 die,
460 1290 628 1348 dictatorem
643 1309 712 1347 eum
725 1310 762 1347 ex
777 1292 948 1349 auctoritate
963 1301 1077 1367 patrum
1087 1293 1186 1385 jussu·

234 1386 292 1443 que
317 1388 352 1445 po
374 1369 416 1425 uli
441 1370 560 1439 dictum,
583 1368 672 1427 Veios
698 1370 820 1428 allatum
844 1381 896 1440 est,
918 1390 987 1427 cum
1012 1381 1088 1429 esset
1114 1374 1187 1430 satis

236 1447 328 1505 altum
341 1388 520 1519 diluculum,
537 1450 586 1505 ubi
601 1449 705 1506 sedens
720 1459 913 1527 prospectaret
933 1449 1051 1521 hostem,
1067 1450 1186 1509 descen·

188 1531 225 1585 15
235 1526 298 1585 dit'
290 1546 318 1583 ιιι
335 1546 460 1603 aequum,
477 1538 563 1603 atque
584 1530 656 1586 illo
648 1549 710 1604 rpso
725 1530 771 1586 die
782 1529 922 1585 mediam
938 1531 1018 1598 urbe,
1033 1549 1093 1605 qua
1106 1550 1187 1589 nuuc

235 1606 319 1664 busta
348 1608 465 1665 Gallica
484 1618 560 1678 sunt,
586 1618 614 1665 et
639 1619 751 1684 postero
780 1608 826 1665 die
850 1610 925 1665 citra
950 1609 1058 1667 Gabios
1081 1611 1187 1669 cecidit

236 1684 390 1743 Gallorum
410 1688 549 1763 legiones
592 1687 696 1753 Quid?
738 1688 805 1745 Post
827 1678 933 1745 multos
950 1707 1050 1779 annos,
1065 1708 1135 1747 curn
1150 1690 1187 1747 ad

235 1763 383 1822 Furculas
406 1766 554 1824 Caudinas
579 1768 615 1823 ab
641 1766 771 1824 Samnite
796 1768 876 1825 hoste
900 1769 987 1825 sub
976 1787 1082 1847 jugum
1105 1770 1187 1827 missi

235 1862 346 1913 sumus,
370 1855 467 1902 utrum
490 1846 606 1903 tandem
628 1844 665 1904 L
691 1847 826 1923 Papirius
848 1846 985 1905 Cursor
974 1868 1048 1925 juga
1073 1848 1187 1907 Samnii

186 1928 225 1983 20
236 1924 445 2000 perlustranda
476 1945 511 1983 an
545 1924 706 1983 Luceriam
734 1927 889 2002 premendo
917 1927 1130 2005 obsidendoque
1157 1937 1188 1986 et

236 2004 403 2063 lacessendo
418 2007 556 2063 victorem
568 2006 676 2063 hostem
692 2005 844 2082 depulsum
859 2006 895 2063 ab
910 2006 1050 2064 Romanis
1064 2009 1186 2066 cervici

235 2084 318 2140 bus
307 2103 412 2161 jugum
427 2087 552 2161 superbo
572 2085 695 2142 Samniti
717 2086 874 2178 imposuit?
916 2085 1050 2143 ModoC
1067 2086 1187 2145 Lutatio

162 2225 165 2231 .
235 2181 302 2237 quae
316 2163 373 2220 alia
390 2184 435 2221 res
449 2183 537 2241 quam
552 2165 687 2222 celeritas
708 2166 860 2222 victoriam
880 2165 967 2235 dedit,
982 2165 1058 2241 quod
1073 2177 1188 2241 postero

235 2242 282 2297 die
297 2260 386 2316 qnam
401 2244 510 2300 hostem
526 2244 605 2313 vidit,
621 2245 746 2301 classem
761 2263 882 2321 gravem
897 2246 1185 2315 commeatibus,'1m-

185 2320 360 2396 25peditam
385 2332 497 2380 suomet
521 2324 613 2399 ipsam
638 2324 828 2381 instrumento
853 2334 940 2416 atque
965 2335 1115 2400 apparatu,
1137 2344 1186 2401 op

235 2400 364 2478 pressit?
405 2402 534 2460 Stultitia
549 2413 592 2461 est
610 2402 736 2461 sedendo
751 2413 801 2460 aut
816 2403 889 2460 votis
909 2403 1050 2460 debellari
1064 2404 1187 2461 credere

234 2499 335 2573 posse.
358 2484 465 2539 armari
483 2483 581 2559 copias
595 2493 712 2559 oportet,
728 2492 756 2540 et
771 2482 977 2539 deducendas
970 2501 999 2539 m
1013 2502 1141 2559 aequum,
1154 2493 1188 2542 ut

235 2562 280 2617 vir
304 2580 373 2619 cum
397 2564 459 2620 viro
483 2562 699 2639 congrediaris:
730 2561 917 2619 audendot
888 2571 975 2637 atque
1001 2564 1112 2639 agendo
1139 2583 1188 2621 res

235 2640 367 2699 Romana
382 2644 482 2713 crevit,
495 2661 551 2700 non
566 2642 602 2699 iis
613 2644 750 2719 segnibus
764 2641 901 2711 consiliis,
914 2660 980 2717 quae
994 2642 1086 2699 timidi
1098 2653 1188 2701 cauta

186 2720 374 2779 30vocant.''
416 2722 489 2779 Haec
511 2723 592 2779 velut
613 2723 795 2779 concionanti
816 2720 946 2779 Minucio
968 2721 1186 2780 circumfunde-

235 2800 320 2857 batur
344 2801 524 2859 tribuuorum
547 2803 736 2877 equitumque
756 2801 954 2859 Romanorum
977 2802 1142 2867 multitudo,
1158 2812 1187 2861 et

235 2878 270 2935 ad
287 2898 373 2936 aures
387 2899 501 2955 qnoque
517 2882 642 2937 militum
663 2881 741 2939 dicta
756 2880 865 2938 ferocia
886 2880 1114 2952 evolvebantur;
1139 2902 1186 2953 ac,

235 2958 259 3014 si
274 2959 407 3015 militaris
421 2960 555 3036 suffragii
571 2979 616 3017 res
630 2972 714 3030 esset,
730 2960 909 3018 hauddubie
931 2958 1071 3030 ferebant,
1086 2960 1186 3019 Minu·
1239 3000 1242 3005 -

234 3037 313 3094 cium
329 3037 420 3095 Fabio
434 3037 502 3096 duci
517 3039 696 3115 praelaturos

185 3124 223 3181 35
275 3116 342 3175 XV.
366 3116 484 3192 Fabius,
494 3120 601 3195 pariter
618 3119 647 3175 in
662 3138 729 3176 suos
743 3119 820 3177 haud
835 3119 932 3177 minus
946 3138 1035 3195 quam
1048 3120 1080 3176 in
1088 3120 1187 3178 hostes

234 3197 370 3268 intentus
385 3199 466 3275 prius
480 3200 516 3255 ab
530 3198 589 3255 illis
603 3199 745 3256 invictum
759 3201 890 3257 animum
905 3209 1029 3275 praestat.
1072 3198 1186 3264 Quam-

234 3298 323 3355 quam
344 3279 432 3355 probe
446 3279 509 3349 scit,
525 3297 582 3336 non
603 3280 633 3335 in
648 3280 752 3336 castris
766 3279 849 3337 modo
863 3280 933 3349 suis,
948 3278 998 3337 sed
1019 3278 1082 3354 jam
1096 3279 1187 3349 etiam

235 3358 336 3415 Romae
350 3356 488 3416 infamem
503 3377 586 3415 suam
596 3360 810 3416 cunctationem
825 3379 898 3429 esse,
913 3359 1073 3415 obstinatus
1086 3369 1186 3416 tamen

235 3450 332 3495 tenore
354 3438 453 3495 eodem
475 3439 662 3496 consiliorum
694 3440 800 3495 aestatis
823 3439 970 3514 reliquum
992 3438 1127 3506 extraxit,
1154 3447 1186 3495 ut

189 3524 224 3578 40
236 3516 393 3587 Hannibal,
409 3518 561 3578 destitutus
583 3519 619 3574 ab
640 3537 690 3593 spe
711 3537 826 3574 summa
840 3538 893 3593 ope
911 3518 991 3593 petiti
1005 3518 1185 3587 certaminis,

233 3595 293 3669 jam
316 3596 442 3653 hibernis
463 3598 559 3654 locum
582 3599 847 3672 circumspectaret,
863 3599 933 3671 quia
953 3616 989 3654 ea
1010 3596 1090 3672 regio
1111 3615 1185 3672 prae·

235 3675 324 3730 sentis
351 3688 413 3733 erat
429 3678 546 3767 Ηοορῐω,
566 3696 621 3733 non
649 3688 805 3752 perpetuae,
830 3677 948 3733 arbusta
976 3676 1127 3752 vineaeque
1157 3686 1185 3735 et

236 3752 345 3810 consita
359 3755 456 3811 omnia
470 3756 563 3830 magis
581 3756 704 3813 amoenis
724 3774 812 3829 quam
831 3756 1006 3812 necessariis
1027 3753 1185 3813 fructibus.

236 3826 311 3888 Haec
331 3848 383 3903 per
396 3831 591 3907 exploratores
606 3835 698 3891 relata
712 3833 813 3891 Fabio.
855 3833 931 3893 Cum
946 3834 1016 3892 satis
1029 3835 1119 3893 sciret
1133 3854 1188 3911 per
