2717 4292
173 236 232 298 104
583 250 641 289 rrrr
662 248 737 289 mvn

218 382 377 459 traditoque
395 381 472 439 omni
495 400 567 438 auro
588 390 673 457 atque
696 388 823 456 argento,
839 380 948 456 egressi
970 380 1071 437 urbem
1094 400 1164 440 cum

218 464 341 539 singulis
365 462 541 519 vestimentis
563 460 603 519 ibi
626 460 796 528 habitarent,
813 460 863 515 ubi
887 459 997 516 Poenus
1018 460 1161 535 jussisset.

161 534 162 537 ¹
218 542 281 600 Has
296 542 376 618 pacis
397 540 477 616 leges
498 540 641 596 abnuente
658 539 771 595 Alcone
786 548 956 615 accepturos
977 540 1162 615 Saguntinos,

218 622 355 690 Alorcus,
377 620 455 677 vinci
478 620 596 686 animos,
612 618 662 674 ubi
685 618 744 675 alia
768 620 931 687 vincantur,
955 618 1113 687 affirmans,
1131 639 1163 676 se

188 706 207 759 5
218 701 298 777 pacis
312 700 376 775 ejus
396 699 581 773 interpretem
603 696 662 755 fore
684 698 847 773 pollicetur.
890 696 964 754 Erat
985 707 1081 755 autern
1100 703 1164 754 tum

218 780 302 836 miles
322 778 505 847 Hannibalis,
521 787 649 834 ceterum
671 777 787 852 publice
809 777 978 851 Saguntinis
995 778 1107 834 amicus
1122 788 1162 834 at·

217 877 274 935 que
286 858 397 934 hospes.
430 856 549 913 Tradito
565 856 660 931 palam
675 856 731 913 telo
746 854 912 912 custodibus
926 856 1059 925 hostium,
1071 867 1163 913 trans-
1253 897 1259 907 .

217 956 336 1015 gressus
351 937 536 1005 munimenta,
553 935 589 993 ad
603 945 754 1011 praetorem
769 934 1034 1012 Saguntinum-et
1047 936 1108 1011 ipse
1123 936 1164 993 ita

214 1016 416 1093 jubebat-est
444 1013 594 1072 deductus.
647 1014 715 1079 Quo
740 1033 807 1071 cum
831 1014 975 1090 extemplo
1002 1033 1164 1072 concursus
1187 1061 1190 1063 v

171 1100 207 1155 10
217 1097 310 1153 omnis
328 1095 444 1172 generis
458 1094 607 1151 hominum
622 1104 698 1151 esset
712 1092 815 1162 factus,
831 1094 963 1150 submota
977 1103 1075 1150 cetera
1089 1093 1163 1150 mul-

217 1174 348 1241 titudine,
363 1183 481 1230 senatus
502 1172 611 1230 Alorco
630 1172 714 1229 datus
728 1182 779 1241 est,
795 1173 882 1249 cujus
902 1172 970 1229 talis
983 1174 1074 1230 oratio
1089 1171 1162 1230 fuit:

140 1272 196 1361 Χ
218 1252 300 1311 ΧΙΙΙ.
324 1252 384 1309 “Si
398 1253 472 1309 civis
485 1262 581 1310 vester
595 1251 681 1321 Alco,
696 1251 772 1308 sicut
786 1250 822 1308 ad
843 1270 944 1328 pacem
958 1252 1112 1327 petendam
1126 1251 1166 1309 ad

217 1331 414 1389 Hannibalem
428 1332 515 1401 venit,
531 1332 571 1389 ita
590 1332 670 1408 pacis
692 1330 867 1388 conditiones
882 1330 918 1386 ab
939 1330 1105 1388 Hannibale
1127 1332 1165 1387 ad

217 1430 269 1469 vos
291 1411 444 1480 retulisset,
462 1429 713 1487 supervacaneum
735 1411 790 1467 hoc
812 1410 882 1466 mihi
906 1409 1006 1468 fnisset
1027 1412 1092 1479 iter,
1107 1429 1166 1487 quo

170 1496 273 1550 15nec
295 1500 390 1548 orator
413 1489 586 1548 Hannibalis
616 1507 684 1547 nec·
700 1488 852 1566 transfuga
875 1488 983 1547 advos
1007 1490 1163 1546 venissem.

217 1570 293 1627 Cum
307 1571 419 1627 ille·aut
433 1580 529 1627 vestra
545 1578 594 1627 aut
605 1587 658 1625 sua
671 1569 759 1645 culpa
773 1570 910 1625 manserit
925 1569 1001 1645 apud
1016 1570 1167 1625 hostem-

217 1669 280 1719 sua,
296 1650 321 1706 si
335 1659 444 1706 metum
459 1648 616 1717 simulavit,
628 1658 733 1716 vestra,
748 1648 772 1703 si
787 1648 951 1723 perieulum
965 1658 1008 1705 est
1023 1648 1099 1725 apud
1114 1667 1166 1706 vos

218 1748 289 1785 vera
317 1727 611 1803 referentibus—ego,
636 1746 673 1783 ne
704 1728 876 1803 ignoraretis
903 1746 966 1784 esse
995 1728 1109 1803 aliquas
1136 1742 1167 1785 et

218 1807 320 1864 salutis
334 1816 363 1863 et
375 1807 455 1882 pacis
466 1806 546 1863 vobis
560 1806 745 1876 conditiones,
757 1824 808 1881 pro
822 1815 933 1863 vetusto
948 1806 1077 1883 hospitio,
1088 1806 1166 1882 quod

169 1888 208 1943 20
220 1887 290 1943 mihi
304 1886 454 1943 vobiscum
468 1895 519 1955 est,
536 1884 571 1942 ad
586 1904 636 1942 vos
650 1886 728 1942 veni.
770 1885 877 1943 Vestra
892 1895 989 1943 autem
1004 1905 1093 1943 causa
1108 1905 1164 1956 me,

218 1984 274 2023 nec
288 1965 378 2022 ullius
393 1964 520 2033 alterius,
536 1965 614 2040 loqui
628 1984 694 2040 quae
709 1965 808 2039 loquor
822 1965 897 2041 apud
912 1985 971 2034 vos,
984 1965 1030 2022 vel
1045 1985 1080 2022 ea
1094 1965 1166 2023 fides

218 2046 263 2115 sit,
279 2044 355 2121 quod
375 2064 469 2120 neque
485 2044 554 2101 dnm
569 2045 672 2101 vestris
687 2045 797 2101 viribus
811 2045 963 2114 restitistis,
973 2064 1073 2120 neque
1094 2043 1165 2100 dum

220 2125 329 2181 auxilia
353 2124 389 2180 ab
413 2123 552 2180 Romanis
579 2124 724 2199 sperastis,
747 2124 829 2199 pacis
853 2142 981 2200 unquam
1011 2124 1086 2200 apud
1114 2142 1166 2180 vos

219 2204 393 2259 mentionem
408 2202 475 2259 feci.
517 2202 672 2277 Postquam
684 2222 738 2260 nec
753 2203 789 2259 ab
801 2202 940 2259 Romanis
950 2204 1031 2261 vobis
1046 2202 1107 2259 ulla
1121 2211 1165 2260 est

170 2284 285 2357 abspes
307 2299 362 2338 nec
385 2292 482 2339 vestra
506 2301 557 2339 vos
575 2282 635 2356 jam
658 2292 708 2339 aut
727 2301 809 2338 arma
828 2293 878 2339 aut
895 2283 1003 2339 moenia
1025 2282 1094 2339 satis
1116 2282 1164 2338 de-

220 2359 349 2430 fendunt,
371 2380 473 2437 pacem
498 2360 587 2417 affero
608 2360 644 2417 ad
665 2379 717 2417 vos
737 2362 831 2438 magis
857 2362 1052 2418 necessariam
1076 2380 1165 2437 quarn

219 2458 342 2515 aequam.
379 2440 472 2516 Cujus
486 2441 526 2498 ita
541 2440 639 2518 aliqua
653 2460 719 2517 spes
733 2451 784 2510 est,
797 2442 821 2497 si
836 2460 909 2509 eam,
922 2440 1165 2516 quemadmodum

220 2529 251 2576 ut
266 2520 357 2577 victor
372 2519 426 2577 fert
442 2519 597 2589 Hannibal,
613 2520 655 2577 sic
669 2539 721 2577 vos
736 2530 767 2577 ut
781 2513 850 2577 iicti
865 2520 997 2590 audiatis,
1013 2521 1037 2577 si
1054 2538 1110 2576 non
1125 2518 1165 2587 id,

219 2599 292 2675 quod
320 2600 468 2670 amittitur,
483 2600 514 2657 in
538 2598 651 2668 damno,
673 2618 742 2656 curn
762 2600 859 2657 omnia
877 2599 994 2656 victoris
1016 2600 1081 2668 sint,
1104 2598 1164 2667 sed,

170 2680 209 2735 30
220 2678 359 2755 quidquid
381 2679 564 2756 relinquitur,
580 2697 630 2755 pro
648 2698 769 2735 munere
789 2678 914 2735 babituri
933 2680 1011 2735 estis.
1054 2677 1164 2737 Urbem

220 2758 310 2827 vobis,
324 2776 413 2833 quam
427 2777 464 2815 ex
484 2776 591 2833 magna
611 2768 693 2832 parte
714 2757 838 2814 dirutam
858 2766 974 2833 captam
995 2756 1056 2815 fere
1077 2766 1164 2815 totam

220 2834 315 2905 habet,
331 2837 439 2905 adimit,
455 2855 540 2913 agros
560 2836 706 2911 reIInquit,
722 2837 819 2893 locum
840 2837 1049 2913 assignaturus,
1064 2837 1095 2892 in
1108 2853 1168 2912 quo

219 2932 328 2971 novum
352 2914 487 2992 oppidum
512 2915 676 2972 aedificetis:
707 2934 812 2972 aurum
827 2915 865 2972 ‘et
892 2925 1046 2992 argentum
1069 2933 1162 2987 omne,
1239 2922 1243 2927 '

221 2992 371 3068 publicum
392 2994 602 3069 privatumque,
619 2994 654 3051 ad
676 3014 708 3051 se
726 2994 809 3070 jubet
829 2993 953 3051 deferri:
975 3013 1096 3071 corpora
1116 3013 1163 3051 ve·

171 3074 210 3131 35
220 3081 281 3129 stra
295 3072 453 3149 conjugum
469 3090 504 3130 ac
519 3072 676 3131 liberorum
691 3081 852 3131 vestrorum
866 3083 963 3131 servat
976 3076 1123 3143 inviolata,
1139 3072 1163 3131 si

221 3151 347 3208 inermes
368 3171 437 3209 curn
459 3151 533 3209 binis
553 3154 732 3210 vestimentis
746 3152 841 3210 velitis
862 3154 898 3210 ab
920 3153 1051 3231 Sagunto
1072 3154 1163 3211 exire.

221 3229 295 3287 Haec
315 3231 406 3288 victor
428 3232 515 3289 hostis
537 3232 666 3307 imperat,
683 3232 755 3300 haee,
775 3249 952 3307 quamquam
973 3244 1041 3289 sunt
1063 3232 1163 3309 gravia

222 3320 307 3385 atque
320 3312 434 3379 acerba,
447 3310 560 3368 fortuna
572 3322 667 3368 vestra
680 3312 759 3368 vobis
773 3311 884 3367 suadet.
928 3311 1073 3386 Equidem
1086 3311 1164 3368 haud

221 3389 350 3463 despero,
366 3409 434 3446 curn
448 3392 577 3447 omnium
599 3401 723 3467 potestas
737 3391 764 3446 ei
787 3389 863 3449 facta
879 3390 924 3458 sit,
941 3390 1050 3464 aliquid
1064 3409 1100 3446 ex
1120 3389 1166 3447 his

175 3472 210 3526 to
223 3468 309 3525 rebus
332 3470 538 3528 remissurum:
561 3469 679 3527 sedvel
703 3470 765 3525 haec
788 3468 921 3542 patienda
945 3487 1052 3525 censeo
1073 3469 1167 3543 potius

221 3565 309 3621 quam
334 3548 473 3605 trucidari
498 3567 618 3623 corpora
643 3559 747 3617 vestra,
773 3549 835 3623 rapi
859 3547 993 3622 trahique
1022 3557 1089 3603 ante
1116 3565 1168 3604 ora

222 3636 317 3681 vestra
332 3627 471 3702 conjuges
486 3646 520 3683 ac
535 3628 639 3684 liberos
653 3628 722 3685 belli
734 3627 801 3702 jure
816 3625 949 3683 sinatis'.’'

262 3700 343 3760 XIV.
365 3704 414 3761 Ad
429 3705 492 3762 haec
507 3706 649 3762 audienda
663 3726 731 3764 cum
746 3704 925 3763 circumfusa
938 3704 1079 3781 paulatim
1093 3708 1168 3761 mul-

221 3780 343 3839 titudine
356 3784 529 3859 permixtum
545 3786 657 3843 senatui
671 3794 747 3844 esset
760 3785 857 3863 populi
870 3784 1037 3854 concilium,
1050 3793 1168 3862 repente
