2717 4292
196 306 234 367 86
623 315 682 356 ἰιιι
702 312 776 355 mvn

246 458 396 527 postquam
416 446 487 507 nihil
502 465 625 523 usquam
646 445 749 503 hostile
767 444 950 514 cernebatur,
965 442 1044 501 viam
1058 444 1193 522 ingressi,

246 528 323 587 haud
338 528 429 585 multo
450 536 516 584 ante
536 526 604 583 solis
624 543 763 583 occasum
778 524 813 582 ad
828 524 931 582 urbem
945 523 1070 581 Romam
1091 542 1193 601 parve-

246 608 339 665 niunt.
382 606 439 665 Ubi
460 622 529 663 cum
549 604 703 683 praegressi
724 605 844 681 equites,
867 622 925 660 non
947 612 1043 678 portas
1065 603 1192 674 clausas,

245 704 302 744 non
325 686 476 743 stationem
498 703 550 762 pro
569 685 658 761 portis
678 685 833 776 exqubare,
848 702 905 741 non
928 692 1053 740 armatos
1076 702 1140 741 esse
1161 684 1193 740 in

217 766 347 835 hmuris,
363 764 536 833 retulissent,
552 762 630 822 aliud
644 763 733 841 priori
725 762 841 820 simile
856 761 1031 819 miraculum
1045 780 1095 819 eos
1107 763 1192 820 susti

136 894 149 920 ,
246 845 319 915 nuit,
334 853 507 920 noctemque
521 843 605 901 veriti
619 853 647 901 et
661 844 768 920 ignota
780 844 868 899 situm
883 841 986 898 urbis'
977 851 1053 899 mter
1067 841 1193 900 Romam

248 934 334 999 atque
358 924 506 981 Anienem
532 922 699 993 consedere,
724 921 954 999 exploratoribus
981 920 1077 978 missis
1111 922 1194 980 circa

138 1027 142 1033 ·
248 1003 356 1060 moenia
367 1003 496 1079 aliasque
510 1010 615 1079 portas,
627 1020 761 1078 quaenam
772 1001 901 1058 hostibus
911 1000 942 1056 in
953 1000 1064 1076 perdita
1078 1018 1109 1057 re
1124 1019 1192 1058 con·

248 1080 313 1139 silla
333 1091 438 1139 essent.
481 1080 615 1151 Romani,
630 1099 700 1138 cum
718 1098 786 1157 pars
800 1080 892 1156 major
911 1098 948 1137 ex
962 1080 1026 1136 acie
1040 1080 1130 1137 Veios
1144 1098 1192 1156 pe·
1265 1101 1268 1105 ·

201 1162 328 1221 lotisset
348 1180 437 1252 quam
458 1160 590 1230 Romam,
611 1178 697 1218 nemo
717 1177 869 1236 superesse
890 1176 1067 1236 quemquam
1088 1169 1193 1236 praeter

248 1258 305 1309 eos,
320 1241 371 1316 qui
386 1238 509 1297 Romam
530 1237 708 1317 refugerant,
723 1237 883 1309 crederent,
899 1238 1068 1315 complorati
1082 1257 1191 1309 omnes,

248 1319 356 1396 pariter
377 1319 437 1376 vivi
457 1318 629 1394 mortuique,
643 1326 733 1376 totam
754 1336 841 1395 pmpc
862 1318 965 1375 urbem
986 1317 1148 1375 lamentis'
1139 1336 1191 1375 rm-

249 1397 409 1474 pleverunt.
450 1397 581 1456 Privatos
601 1396 703 1455 deinde
717 1397 815 1455 luctus
828 1394 981 1474 stupefecit
994 1397 1129 1473 publicus
1143 1416 1193 1473 pa·

249 1494 309 1547 vor,
322 1486 472 1559 postquam
486 1477 582 1535 hostes
596 1476 696 1534 adesse
710 1476 874 1534 nuntiatum
888 1485 940 1533 est.
983 1473 1052 1533 Mox
1063 1475 1193 1535 ululatus

201 1564 410 1632 incautusque
438 1556 575 1626 dissonos,
600 1555 774 1633 vagantibus
804 1556 885 1613 circa
908 1555 1018 1612 moenia
1044 1557 1194 1613 turmatim

249 1635 389 1705 barbaris,
415 1635 579 1693 audiebant.
622 1634 717 1692 Omne
741 1634 808 1692 inde
831 1645 945 1711 tempus
972 1652 1126 1711 suspensos
1152 1636 1193 1693 ita

248 1715 341 1772 tenuit
361 1714 472 1772 animos
487 1732 579 1789 usque
594 1712 630 1770 ad
643 1714 742 1771 lucem
764 1713 895 1784 alteram,
911 1722 944 1771 ut
956 1712 1141 1771 identidem
1129 1734 1193 1790 Jam

249 1793 279 1848 in
299 1793 401 1850 urbem
416 1791 533 1850 futurus
547 1791 716 1850 videretur'
707 1802 851 1869 impetus3
874 1793 966 1870 primo
987 1792 1194 1870 adventuque

249 1880 435 1929 accesserant
454 1871 489 1928 ad
504 1872 799 1929 urbem-mansuros
820 1872 899 1929 enim
922 1871 958 1929 ad
972 1872 1073 1930 Aliam
1093 1871 1192 1965 fuisse,

201 1951 305 2013 20nisi
328 1950 382 2008 hoc
403 1950 517 2008 consilii
539 1948 610 2009 foret
620 1949 772 2008 :-deinde
792 1950 847 2009 sub
867 1963 1004 2009 occasum
1024 1950 1102 2021 solis,
1123 1952 1194 2028 quia

250 2029 327 2087 haud
341 2028 465 2087 multum
485 2029 543 2087 diei
563 2026 722 2107 supererat,
739 2039 805 2088 ante
825 2039 939 2088 noctem
954 2031 1009 2087 rati
1030 2049 1061 2087 se
1075 2031 1192 2088 invasu-

187 2160 188 2163 ,
249 2127 313 2182 ros;
343 2119 405 2167 tum
427 2110 458 2166 in
481 2119 595 2167 noctem
619 2108 741 2167 dilatum
761 2109 916 2168 consilium
944 2128 1016 2179 esse,
1041 2128 1099 2185 quo
1126 2110 1193 2186 plus

249 2189 363 2265 pavoris
387 2188 544 2246 inferrent:
573 2196 717 2281 postremq
743 2187 797 2246 lux
831 2189 1065 2266 appropinquans
1092 2190 1193 2247 exani-

249 2284 347 2324 mare:
348 2268 521 2359 timqrique
543 2277 682 2360 perpetuo
703 2268 799 2344 ipsum
821 2269 932 2325 malum
956 2268 1107 2326 continens
1128 2266 1192 2339 fuit,

202 2352 238 2406 25
249 2364 318 2403 cum
331 2346 415 2423 signa
428 2345 532 2403 infesta
543 2348 631 2422 portis
644 2357 712 2404 sunt
723 2347 815 2404 illata.
841 2346 1038 2423 Nequaquam
1049 2357 1146 2405 tamen
1157 2367 1193 2406 ea

248 2434 341 2495 nocte,
354 2442 448 2502 neque
462 2425 625 2517 insequenti
639 2425 695 2495 die,
707 2425 809 2483 similis
823 2426 875 2497 illi,
887 2444 953 2502 quae
967 2426 1005 2483 ad
1018 2425 1119 2484 Aliam
1133 2436 1193 2484 tam

243 2504 351 2579 ,pavide
364 2502 478 2581 fugerat
479 2547 487 2574 ,
499 2505 601 2562 civitas
613 2503 685 2563 fuit:
704 2523 772 2562 nam
783 2523 851 2563 cum
862 2504 977 2563 defendi
988 2506 1089 2563 urbem
1100 2525 1192 2582 posse,

248 2592 308 2641 tam
316 2602 405 2661 parva
416 2584 518 2641 relicta
532 2603 630 2654 manu,
642 2604 708 2661 spes
721 2584 804 2642 nulla
817 2594 901 2655 esset,
913 2584 1030 2662 placuit,
1043 2604 1112 2643 oum
1126 2604 1192 2642 con-

245 2662 365 2740 jugibus
380 2682 415 2721 ac
429 2664 538 2734 liberis,
550 2664 733 2740 juventutem
747 2664 902 2722 militarem
916 2673 1091 2739 senatusque
1106 2664 1194 2721 robur

201 2749 238 2803 30
249 2742 279 2799 in
294 2760 392 2808 arcem
403 2742 634 2820 Capitoliumque
649 2743 827 2816 concedere,
848 2744 993 2820 armisque
1007 2753 1036 2800 et
1050 2742 1195 2809 frumento

249 2821 362 2890 collato,
374 2839 411 2878 ex
425 2821 489 2878 loco
503 2822 569 2879 iude
584 2823 695 2879 munito
708 2822 776 2880 deos
789 2823 975 2899 hominesque
986 2832 1015 2880 et
1029 2822 1194 2879 Romanum

249 2917 354 2957 nomen
367 2897 542 2972 defendere3
563 2900 710 2957 flaminem
724 2900 945 2978 sacerdotesque
959 2901 1094 2959 Vestales
1108 2920 1194 2958 sacra

249 2978 397 3070 publicae
415 2978 494 3035 caede
510 2980 546 3035 ab
559 2979 702 3037 incendiis
720 2979 821 3057 procul
835 2979 972 3054 auferre3
995 2999 1050 3038 nec
1065 2990 1131 3037 ante
1145 2979 1192 3037 de-

250 3057 307 3113 seri
326 3056 438 3114 cultum
458 3076 569 3129 eorum,
590 3077 679 3134 quam
699 3077 757 3117 non
777 3069 969 3153 superessent,
984 3061 1034 3135 qui
1053 3059 1191 3117 colerent

186 3152 187 3155 ’
204 3144 239 3199 35
250 3135 282 3192 Si
297 3154 350 3192 arx
369 3135 601 3231 Capitoliumque
616 3137 699 3195 sedes
712 3138 879 3210 deorum,
856 3158 881 3197 sr
901 3149 1019 3197 senatus
1033 3149 1121 3231 eaput
1141 3157 1193 3215 pu-

251 3215 319 3273 blici
340 3216 500 3286 consilii,
477 3236 502 3274 sr
523 3217 686 3275 militaris
675 3228 815 3295 juventus
780 3217 1039 3295 ussuperfuerit'
1031 3218 1193 3275 imminenti

250 3296 342 3353 ruinae
364 3296 453 3365 urbis,
469 3295 585 3355 facilem
605 3296 751 3371 jacturam
775 3298 839 3355 ess'e
860 3298 1007 3355 seniorum
1032 3297 1172 3355 relictae'
1163 3315 1194 3354 ιιι

250 3376 322 3434 urbe
336 3376 436 3451 utique
449 3376 585 3453 periturae
599 3376 702 3435 turbae
744 3376 784 3434 Et
797 3395 854 3453 quo
864 3376 893 3434 id
907 3377 1033 3454 aequiore
1048 3377 1145 3433 animo
1158 3373 1194 3433 de

251 3454 334 3532 plebe
356 3455 508 3513 multitudo
530 3454 625 3526 ferret,
647 3475 733 3514 senes
753 3456 944 3533 triumphales
968 3456 1195 3531 consularesque

202 3539 239 3604 4⁰
250 3534 337 3591 simul
352 3554 383 3591 se
397 3553 467 3592 cum
481 3535 540 3593 illis
560 3534 657 3612 palam
672 3535 769 3593 dicere
784 3535 918 3606 obituros,
934 3554 989 3593 nec
1010 3535 1055 3592 his
1069 3534 1197 3610 corpori--

251 3614 314 3683 bus,
331 3614 437 3688 quibus
458 3632 514 3673 non
538 3633 620 3672 arma
642 3612 718 3672 ferre
742 3632 798 3671 non
823 3616 898 3672 tueri
923 3616 1045 3690 patriam
1070 3621 1193 3690 possent,

250 3702 418 3749 oneraturos
432 3694 556 3770 inopiam
572 3702 758 3751 armatorum.
801 3692 866 3752 XL.
889 3693 963 3763 Haec
977 3694 1052 3751 inter
1066 3692 1195 3765 seniores

251 3771 335 3828 morti
349 3770 511 3841 destinatos
520 3772 627 3847 jactata
639 3772 750 3830 solatia.
785 3771 889 3830 Versae
903 3772 969 3830 inde
984 3771 1195 3829 adhortationes

251 3847 288 3909 ud
308 3866 412 3923 agmen
434 3850 585 3923 juvenum,
600 3869 671 3926 quos
691 3851 722 3908 in
742 3850 915 3928 Capitolium
936 3861 1023 3928 atque
1043 3851 1074 3908 in
1095 3868 1194 3909 arcem
