2717 4292
178 272 236 331 150
597 288 656 329 τιτι
677 288 752 330 mvn

225 421 324 483 Latini
347 421 470 479 nominis
494 429 598 490 essent,
621 421 686 477 sine
711 419 801 494 pretio
820 418 954 489 dimissis,
981 419 1122 481 Romanis
1141 423 1173 483 in

225 501 343 561 vincula
352 501 434 571 datia,
445 509 598 577 segregata
609 519 645 557 ex
659 498 785 557 hostium
795 510 1033 556 coacervatorum
1047 502 1175 561 cumulis

226 600 345 658 corpora
364 600 483 638 suorum
507 598 577 637 curn
597 580 715 655 sepeliri
736 579 878 655 jussisset,
901 578 1039 671 Flaminii
1059 600 1174 658 quoque

226 680 332 736 corpus
355 660 466 720 funeris
490 677 580 716 causa
605 677 803 735 magnacum
826 677 899 715 cura
920 660 1093 736 inquisitum
1117 680 1174 719 non

197 741 346 799 oinvenit.
469 743 471 749 ’

268 820 370 877 Romae
395 818 430 875 ad
455 818 581 895 primum
605 817 741 873 nuntium
765 815 858 873 cladis
883 816 948 891 ejus
971 837 1040 875 cum
1064 820 1174 896 ingenti

227 907 337 957 terrore
353 917 388 956 ac
409 898 536 955 tumultu
550 914 711 953 concursus
731 896 762 952 in
777 894 872 952 forum
890 897 989 972 populi
1003 907 1046 955 est
1060 897 1175 957 factus:

229 988 367 1035 matronae
381 994 465 1053 vagae
485 976 621 1051 pervias,
637 994 703 1050 qum
724 992 827 1050 repens
848 974 946 1032 clades
961 975 1059 1047 allata,
1073 996 1176 1053 quaeve

230 1056 344 1114 fortuna
357 1056 503 1113 exercitus
516 1064 600 1124 esset,
615 1053 714 1111 obvios
728 1064 973 1130 percunctantur:
995 1064 1106 1113 etcum
1121 1056 1176 1114 fre·

182 1139 218 1197 10
229 1135 344 1212 quentis
357 1135 504 1193 concionis
517 1133 600 1191 modo
614 1134 700 1190 turba
714 1135 744 1189 in
758 1134 908 1209 comitium
921 1142 950 1190 et
964 1135 1077 1192 curiam
1093 1154 1177 1193 versa

229 1215 417 1292 magistratus
425 1222 550 1282 voearet,
561 1211 678 1270 tandem
685 1211 767 1270 baud
780 1212 872 1270 multo
883 1222 949 1270 ante
957 1213 1026 1271 solis
1039 1234 1177 1273 occasum

230 1292 272 1351 M.
299 1292 473 1370 Pomponius
497 1300 609 1368 prator,
636 1290 794 1369 “pugna’'
819 1292 922 1368 inquit,
948 1298 1083 1369 “magna
1107 1294 1178 1352 victi

161 1372 164 1379 '
230 1371 371 1430 sumus:’'
393 1381 422 1429 et
442 1388 619 1448 quamquam
640 1372 712 1428 nihil
735 1371 844 1429 certius
864 1390 900 1428 ex
921 1391 956 1430 eo
976 1372 1108 1430 auditum
1124 1382 1176 1445 est,

230 1460 328 1510 tamen
354 1451 429 1509 alius
451 1451 488 1509 ab
514 1451 571 1508 alio
595 1449 706 1526 impleti
730 1451 894 1507 rumoribus
918 1450 1016 1509 domos
1038 1451 1177 1523 referunt,

185 1531 382 1591 reconsutam
404 1549 474 1589 oum
487 1548 595 1607 magna
615 1538 697 1607 parte
711 1530 861 1607 copiarum
875 1549 1004 1603 caesum3
1026 1551 1178 1607 superesse

232 1630 349 1687 paucos,
364 1620 415 1668 aut
429 1610 500 1686 fuga
515 1610 621 1686 passim
642 1627 695 1686 per
715 1608 867 1666 Etruriam
880 1628 994 1685 sparsos
1009 1621 1059 1668 aut
1080 1620 1179 1687 captos

232 1689 269 1746 ab
283 1690 374 1747 hoste.
415 1689 494 1754 Quot
508 1707 594 1745 casus
609 1688 756 1745 exercitus
769 1689 839 1745 victi
854 1687 976 1759 fuerant,
991 1699 1031 1747 tot
1047 1691 1077 1746 in
1091 1710 1179 1747 ouras

232 1766 373 1842 dispertiti
397 1768 487 1824 animi
511 1785 612 1824 eorum
637 1776 728 1836 erant,
751 1786 874 1844 quorum
897 1769 1048 1846 propinqui
1068 1770 1123 1826 sub
1142 1769 1177 1827 C.

232 1844 378 1903 Flaminio
398 1846 518 1903 consule
539 1855 714 1916 meruerant,
729 1848 933 1923 ignorantium,
955 1867 1022 1924 quae
1036 1849 1179 1924 cujusque

182 1929 352 1985 20suorum
374 1925 488 1983 fortuna
509 1935 600 1983 esset:
622 1944 677 1983 nee
691 1926 846 2001 quisquam
860 1926 930 1983 satis
951 1937 1062 1984 certum
1083 1928 1178 1999 habet,

233 2005 302 2081 quid
324 2015 374 2063 aut
397 2014 493 2081 speret
508 2015 559 2063 aut
578 2006 688 2062 timeat.
731 2005 847 2063 Postero
864 2025 900 2063 ac
917 2005 1057 2083 deinceps
1072 2007 1180 2082 aliquot

233 2085 335 2141 diebus
358 2084 393 2141 ad
418 2095 513 2161 portas
534 2084 626 2160 major
650 2102 738 2160 prope
759 2084 917 2141 mulierum
940 2104 1030 2161 quarn
1050 2087 1180 2143 virorum

233 2163 387 2220 multitudo
408 2165 493 2232 stetit,
512 2173 562 2220 aut
587 2182 708 2221 suorum
729 2164 856 2240 aliquem
878 2173 929 2221 aut
952 2166 1068 2222 nuntios
1088 2165 1123 2221 de
1144 2167 1180 2223 iis

233 2243 400 2317 opperiens:
422 2240 789 2317 circumfundebanturque
810 2244 903 2300 obviis
923 2244 1112 2314 sciscitantes
1130 2264 1179 2301 ne·

182 2326 222 2381 25
233 2340 290 2396 que
305 2320 402 2390 avelli,
418 2321 517 2396 utique
533 2320 569 2377 ab
583 2321 666 2390 notis,
678 2322 849 2397 priusquam
862 2322 961 2379 ordine
975 2325 1072 2380 omnia
1086 2324 1178 2400 inqui-

233 2401 346 2469 sissent,
372 2409 511 2475 poterant.
560 2398 630 2457 Inde
653 2400 749 2456 varios
772 2400 872 2457 vultus
895 2402 1118 2478 digredientium
1143 2403 1180 2459 ab

233 2480 342 2536 nuntiis
357 2497 501 2550 cerneres,
517 2488 548 2537 ut
563 2479 669 2555 cuique
691 2479 757 2536 laeta
778 2489 829 2536 aut
849 2480 942 2537 tristia
962 2482 1179 2551 nuntiabantur,

233 2559 471 2635 gratulantesque
487 2568 537 2616 aut
551 2559 732 2616 consolantes
747 2558 934 2616 redeuntibus
943 2559 1040 2618 domos
1054 2562 1176 2618 circum-

234 2636 323 2696 fusos.
365 2636 556 2695 Feminarum
577 2638 724 2714 praecipue
739 2648 767 2695 et
787 2638 895 2715 gaudia
915 2638 1041 2715 insignia
1055 2650 1137 2697 erant
1152 2652 1181 2699 et

185 2719 223 2777 30
234 2716 348 2775 luctus:
372 2736 460 2774 unam
474 2718 504 2774 in
518 2718 581 2793 ipsa
595 2728 676 2793 porta
691 2717 788 2792 sospiti
805 2716 865 2773 filio
879 2728 996 2793 repente
1010 2719 1135 2775 oblatam
1150 2721 1178 2776 in

234 2805 391 2872 conspectu
412 2796 476 2872 ejus
497 2796 658 2871 exspirasse
679 2794 795 2867 ferunt·;
818 2796 949 2866 alteram,
966 2798 1015 2854 cui
1036 2816 1113 2855 mors
1126 2798 1181 2855 filii

235 2873 308 2932 falso
331 2875 463 2931 nuntiata
488 2887 558 2944 erat,
574 2884 704 2937 maestam
726 2874 873 2932 sedentem
894 2875 980 2945 domi,
996 2876 1032 2933 ad
1053 2878 1181 2953 primum

233 2962 420 3028 conspectum
435 2953 581 3010 redeuntis
595 2953 649 3010 lilii
663 2954 771 3031 gaudio
783 2953 873 3012 nimio
886 2955 1092 3013 exanimatam.
1128 2957 1180 3015 Se·

233 3041 334 3088 natum
349 3040 485 3107 praetores
499 3050 550 3107 per
564 3032 625 3089 dies
640 3032 751 3109 aliquot
764 3033 800 3089 ab
814 3043 875 3091 orto
889 3052 982 3110 usque
997 3034 1033 3091 ad
1047 3035 1180 3093 occiden-

186 3115 292 3173 35tem
313 3111 402 3168 solem
427 3112 457 3167 in
478 3110 562 3168 curia
583 3112 715 3182 retinent,
731 3112 935 3183 consultantes,
958 3133 1085 3189 quonam
1105 3115 1181 3173 duce

186 3190 187 3194 ’
234 3200 285 3248 aut
300 3190 389 3267 copiis
403 3190 509 3267 quibus
523 3190 617 3247 resisti
631 3192 790 3249 victoribus
803 3191 902 3249 Poenis
916 3204 1019 3268 posset.

273 3269 356 3329 VIll.
380 3270 553 3347 Priusquam
567 3270 636 3327 satis
650 3281 730 3328 certa
751 3270 872 3328 consilia
886 3282 990 3342 essent,
1005 3292 1107 3349 repens
1122 3272 1182 3331 alia

234 3351 385 3408 nuntiatur
398 3350 515 3423 clades;
538 3360 673 3427 quattuor
688 3350 779 3407 millia
793 3350 932 3427 equitum,
948 3371 1015 3408 cum
1027 3352 1061 3409 C.
1077 3352 1181 3410 Cente-

234 3430 282 3486 nio
296 3440 468 3507 propraetore
483 3430 571 3487 missa
586 3430 621 3487 ad
642 3430 786 3507 collegam
800 3431 837 3486 ab
861 3429 986 3487 Servilio
1006 3433 1135 3502 consule,
1151 3433 1182 3489 in

186 3512 224 3568 40
235 3508 365 3578 Umbria,
381 3528 438 3584 quo
453 3518 514 3585 post
535 3528 663 3587 pugnam
678 3509 713 3567 ad
736 3509 941 3566 Trasimenum
957 3510 1085 3567 auditam
1099 3529 1181 3568 aver-

234 3595 328 3643 terant
350 3589 413 3657 itcr,
436 3589 472 3645 ab
493 3587 658 3645 Hannibale
679 3590 890 3646 circumventa.
942 3588 1018 3664 Ejus
1038 3591 1081 3646 rei
1103 3589 1182 3647 fama

234 3664 314 3720 varie
335 3665 465 3723 homines
487 3666 600 3723 affecit:
621 3686 689 3744 pars
709 3667 858 3741 occupatis
878 3668 987 3743 majore
1008 3668 1182 3745 aegritudine

235 3741 348 3811 animis,
363 3743 458 3800 levem
472 3763 508 3801 ex
523 3747 735 3821 comparatione
755 3746 883 3821 priorum
903 3746 1012 3803 ducere
1033 3757 1182 3805 recentem

234 3818 365 3891 equitum
381 3820 548 3895 jacturam3
570 3842 639 3897 pars
659 3842 717 3881 non
741 3824 780 3894 id,
800 3824 877 3900 quod
898 3824 1055 3896 acciderat,
1075 3843 1130 3904 per
1148 3845 1182 3885 se
