2717 4292
210 294 249 357 7ss
628 302 687 345 rm
707 302 782 345 mvn

255 435 364 497 tribuni
386 433 613 515 promulgarent,
638 442 671 492 ut
693 433 798 512 populo
818 441 944 511 potestas
969 440 1055 505 esset,
1082 438 1147 491 seu·
1166 430 1205 492 dc

255 516 348 594 plebe,
363 514 465 574 sende
485 514 614 593 patribus
627 513 725 585 vellet,
746 513 881 571 consules
902 511 1038 570 faciendi.
1080 511 1114 572 Id
1134 530 1206 572 vero

255 596 281 654 si
302 596 394 665 fieret,
415 612 472 652 non
491 593 609 670 vulgari
629 592 713 651 modo
733 612 802 651 cum
816 592 933 662 infimis,
947 591 999 649 sed
1019 610 1138 669 prorsus
1152 610 1204 649 au·

256 672 326 732 ferri
346 693 365 731 a
376 672 553 812 primoribus
567 672 604 729 ad
618 671 742 749 plebem,
756 691 905 729 summum
926 671 1082 747 imperium
1104 671 1204 729 crede-

226 754 335 813 bbaut.

254 833 393 910 injuriam
413 832 479 909 agri
494 830 651 907 abjudicati
664 829 801 901 descisse,
816 841 844 888 et
865 829 1004 888 Veientes
1018 829 1205 908 depopulatos

255 922 386 971 extrema
406 912 470 989 agri
491 910 625 979 Romani,
641 917 670 967 et
691 909 813 967 Volscos
833 909 1004 986 AEquosque
1025 910 1061 967 ob
1075 928 1203 967 commu-

255 992 345 1049 nitam
377 990 576 1068 Verruginem
604 986 859 1047 fremeret-adeo
886 988 933 1046 vel
961 988 1064 1047 infelix
1093 989 1204 1047 bellum

255 1070 453 1148 ignominiosae
466 1070 533 1146 paci
543 1066 745 1145 praeferebant.
778 1067 835 1126 His
848 1069 947 1144 itaque
961 1068 992 1124 in
1006 1068 1102 1143 majus
1115 1069 1204 1126 etiam

209 1152 245 1209 to
255 1150 391 1227 acceptis,
417 1156 449 1206 ut
472 1149 548 1205 inter
571 1148 724 1225 strepitum
747 1157 787 1205 tot
815 1148 958 1205 bellorum
982 1148 1205 1206 conticiscerent

255 1230 384 1287 actiones
401 1227 574 1297 tribuniciae,
596 1226 721 1285 dilectus
742 1226 853 1297 haberi,
875 1223 986 1283 bellum
1010 1244 1150 1302 armaque
1174 1227 1206 1285 vi

254 1326 369 1366 summa
383 1308 517 1386 apparari
537 1307 650 1383 jubent,
665 1307 691 1363 si
713 1325 771 1383 quo
790 1306 929 1364 intentius
949 1306 1046 1383 possit,
1060 1324 1150 1382 quam
1164 1304 1205 1365 T.

254 1386 394 1453 Quinctio
420 1386 539 1445 consule
567 1395 738 1463 apparatum
765 1386 812 1443 sit.
868 1385 949 1444 Tum
975 1384 1010 1446 C.
1040 1384 1203 1443 Canuleius

255 1485 350 1544 pauca
369 1467 400 1524 in
414 1475 516 1525 senatu
530 1464 716 1535 vociferatus,
738 1464 935 1542 nequidquam
956 1464 1114 1523 territando
1135 1483 1204 1522 con-

208 1550 244 1606 15
255 1546 334 1605 sules
355 1555 488 1604 avertere
509 1544 623 1622 plebem
639 1564 658 1602 a
672 1562 746 1602 cura
760 1562 902 1603 novarum
922 1544 1032 1621 legum,
1053 1562 1206 1622 nunquam

254 1645 303 1684 eos
325 1646 357 1684 se
377 1626 444 1683 vivo
465 1625 604 1682 dilectum
627 1624 784 1694 habituros,
810 1634 966 1700 antequam
987 1642 1031 1693 ea,
1053 1642 1121 1700 quae
1142 1642 1205 1701 pm-

242 1694 386 1781 “mulgata
414 1705 450 1761 ab
473 1723 504 1761 se
532 1704 711 1781 collegisque
738 1713 843 1773 essent,
868 1704 968 1780 plebes
995 1704 1145 1761 scivisset:
1175 1712 1206 1762 et

255 1782 407 1841 confestim
428 1783 464 1841 ad
485 1784 654 1841 concionem
676 1782 838 1841 advocavit.
880 1782 919 1840 ΙΙ.
942 1782 1055 1840 Eodem
1075 1791 1206 1860 tempore

254 1873 284 1921 et
303 1862 438 1920 consules
452 1876 586 1920 senatum
605 1864 636 1919 in
650 1863 809 1932 tribunum,
823 1872 853 1920 et
872 1863 1006 1920 tribunus
1020 1862 1159 1939 populum
1174 1863 1207 1919 in

205 1945 245 2000 20
255 1941 389 2001 consules
411 1942 560 2000 incitabat.
610 1941 768 2019 Negabant
792 1941 926 1999 consules
944 1942 1008 2018 jam
1032 1940 1110 1999 ultra
1134 1941 1207 1999 ferri

254 2040 336 2099 posse
352 2020 463 2079 furores
478 2022 655 2091 tribunicios,
672 2031 791 2079 ventum
808 2021 871 2097 jam
885 2021 921 2078 ad
936 2022 1025 2079 finem
1038 2040 1112 2091 esse,
1125 2021 1207 2079 domi

255 2100 321 2177 plus
336 2101 406 2159 belli
420 2101 559 2160 concitari
579 2119 668 2177 quam
684 2100 762 2159 soris.
805 2100 837 2158 Id
851 2120 908 2159 non
923 2100 994 2159 adeo
1008 2100 1101 2177 plebis
1115 2120 1205 2177 quam

254 2190 379 2255 patrum,
401 2199 497 2256 neque
511 2179 695 2237 tribunorum
716 2180 809 2257 magis
822 2198 911 2256 quam
930 2179 1094 2250 consulum,
1116 2181 1206 2258 culpa

255 2258 398 2317 accidere.
421 2258 515 2335 Cujus
530 2260 572 2315 rei
587 2260 739 2336 preamium
752 2260 789 2315 sit
802 2260 833 2315 in
847 2260 973 2330 civitate,
989 2274 1055 2317 eam
1068 2261 1205 2317 maximis

205 2342 244 2396 25
255 2356 369 2415 semper
382 2338 517 2396 auctibus
531 2356 682 2395 erescere:
703 2338 746 2394 sic
767 2356 840 2414 pace
860 2338 957 2408 bonos,
972 2339 1015 2396 sic
1036 2339 1113 2397 bello
1126 2339 1203 2397 fieri.

255 2416 419 2475 Maximum
433 2417 534 2475 Romae
547 2418 700 2493 praemium
719 2416 891 2474 seditionum
905 2436 978 2487 esse,
993 2417 1023 2475 id
1036 2428 1065 2476 et
1079 2419 1205 2495 singulis

171 2542 173 2547 .
255 2494 802 2574 universisquesemper'honorifuisse.
826 2495 1204 2573 Reminiscerentur,quam

255 2577 434 2653 majestatem
449 2585 567 2634 senatus
577 2576 632 2653 ipsi
646 2595 664 2633 a
678 2575 808 2653 patribus
822 2577 1011 2652 accepissent,
1026 2596 1116 2652 quam
1131 2577 1202 2635 libe-

255 2656 295 2713 ris
326 2655 459 2714 tradituri
490 2665 602 2714 essent:
635 2653 950 2731 ut-quemadmodum
976 2655 1057 2733 plebs
1084 2656 1205 2733 gloriari

206 2739 244 2794 ³0
255 2736 550 2813 posset-auctiorem
570 2736 796 2812 amplioremque
817 2735 902 2792 essel
944 2732 1048 2792 Finem
1063 2754 1132 2813 ergo
1146 2754 1204 2795 non

255 2814 328 2884 fieri,
353 2833 409 2872 nec
434 2811 572 2884 futuram,
594 2814 694 2883 donec,
717 2832 805 2890 quam
831 2811 932 2872 felices
956 2814 1119 2886 seditiones,
1144 2825 1205 2874 tam

255 2892 385 2950 honorati
406 2892 578 2950 seditionum
602 2901 738 2950 auctores
758 2903 864 2950 essent.
916 2893 1000 2959 Quas
1021 2903 1204 2972 quantasque

256 2988 303 3027 res
330 2970 364 3029 C.
388 2970 563 3029 Canuleium
589 2971 778 3048 aggressum!
832 2972 1034 3031 Colluvionem
1062 2974 1204 3051 gentium,

255 3050 501 3126 perturbationem
529 3051 725 3127 auspiciorum
753 3052 937 3129 publicorum
966 3052 1205 3130 privatorumque

207 3132 245 3188 '35
256 3126 370 3198 afferre,
392 3148 429 3189 ne
453 3129 522 3206 quid
547 3130 663 3201 sinceri,
689 3148 726 3187 ne
751 3130 821 3206 quid
846 3132 1065 3189 incontaminati
1089 3133 1135 3204 sit,
1162 3142 1204 3203 ut,

255 3206 423 3266 discrimine
436 3209 514 3266 omni
533 3209 654 3279 sublato,
669 3226 726 3267 nec
740 3228 771 3267 se
786 3210 950 3287 quisquam,
965 3229 1022 3269 nec
1035 3230 1104 3269 suos
1116 3231 1205 3270 nove·

255 3286 302 3345 rit.
344 3287 443 3354 Quam
464 3288 542 3345 enim
556 3288 644 3345 aliam
659 3289 720 3345 vim
740 3289 886 3347 connubia
900 3290 1065 3367 promiscua
1085 3292 1205 3361 habere,

255 3366 311 3424 nisi
333 3377 366 3426 ut
390 3365 519 3426 ferarum
543 3386 630 3445 prope
655 3368 714 3426 ritu
736 3369 894 3447 vulgentur
914 3368 1088 3427 concubitus
1112 3370 1206 3447 plebis

255 3446 451 3524 patrumquel
491 3447 540 3518 Ut,
564 3448 614 3523 qui
631 3456 717 3505 natus
731 3448 776 3517 sit,
798 3449 918 3524 ignoret,
942 3449 1028 3525 cujus
1042 3449 1204 3527 sanguinis,

209 3528 245 3586 40
254 3544 378 3601 quorum
393 3544 542 3585 sacrorum
556 3528 601 3597 sit,
612 3525 750 3584 dimidius
763 3536 879 3603 patrum
893 3528 938 3597 sit,
950 3526 1087 3584 dimidius
1101 3528 1205 3605 plebis,

254 3623 291 3661 ne
311 3624 413 3663 secum
433 3605 550 3682 quidem
570 3606 631 3684 ipse
652 3624 783 3663 concors.
826 3606 935 3664 Parum
955 3606 985 3664 id
1006 3605 1108 3677 videri,
1127 3607 1205 3683 quod

254 3684 351 3741 omnia
365 3684 464 3741 divina
483 3685 668 3761 humanaque
690 3685 861 3743 turbentur:
880 3686 943 3761 jam
965 3684 999 3742 ad
1017 3685 1205 3746 consulatum

255 3760 337 3837 vulgi
360 3762 521 3821 turbatores
545 3764 670 3841 accingi.
713 3764 754 3822 Et
773 3764 874 3840 primo,
896 3775 929 3823 ut
949 3764 1023 3823 alter
1041 3765 1146 3823 consul
1165 3784 1205 3825 ex

253 3838 339 3917 plebe
359 3841 451 3915 fieret,
472 3841 502 3901 id
522 3842 607 3903 modo
627 3843 810 3901 sermonibus
828 3852 972 3903 tentasse:
994 3862 1075 3904 nunc
1095 3846 1204 3925 rogari,

405 754 451 811 aeti
472 770 542 829 ergo
555 751 674 809 audiere
696 761 800 828 patres,
816 750 991 809 Ardeatium
1009 750 1149 827 populum
1167 751 1204 808 ob
1297 778 1300 786 ·
