2717 4292
493 312 580 352 cisen
594 313 627 352 u.
670 311 737 352 cur.
754 311 807 351 ru.
1104 299 1146 360 49

137 440 237 500 cessit.
282 439 395 499 Eodem
409 441 494 499 modo
514 443 626 518 primus
639 460 730 518 eques
749 442 876 499 hostium
889 442 1016 518 agminis
1029 439 1095 512 fuit,

137 529 264 596 praeerat
289 521 409 578 Arruns
431 519 614 598 Tarquinius
637 521 717 579 filius
737 522 834 598 ragis:
866 539 919 578 rex
942 523 1006 598 ipse
1024 539 1096 578 cum

136 598 304 676 legionibus
324 601 512 674 sequebatur.
555 601 683 669 Arruns,
705 601 756 657 ubi
777 618 813 657 ex
827 599 979 658 lictoribus
992 601 1095 676 procul

137 679 292 736 consulem
306 698 379 748 esse,
392 679 495 735 deinde
507 680 570 755 jam
586 682 704 756 propius
718 697 754 736 ac
767 681 878 737 certius
892 680 968 736 facie
978 698 1095 755 quoque

31 769 35 774 “
137 757 265 815 Brutum
288 759 433 835 coguovit,
456 759 655 816 inflammatus
677 760 722 815 ira
746 760 826 816 “ille
847 769 892 815 est
913 758 979 814 vir''
997 760 1123 835 inquito

138 843 157 870 “
167 838 221 912 qni
246 855 298 894 nos
322 849 453 894 extorres
478 839 589 912 expulit
612 839 726 912 patria:
757 838 819 913 ipse
843 857 881 894 en
904 838 965 906 ille,
989 840 1095 895 nostris

137 914 294 972 decoratus
314 915 488 994 insigpibus,
504 917 661 993 magnifice
675 916 801 974 incedit:
822 917 852 973 di
867 935 971 993 regum
985 917 1094 974 ultores

138 994 273 1051 adeste.''
328 995 463 1052 Concitet
491 995 658 1052 calcaribus
682 1015 800 1072 equum,
825 1007 915 1070 atque
942 997 973 1052 in
996 996 1094 1071 ipsum

137 1073 264 1130 infestus
277 1075 429 1131 consulem
443 1074 551 1150 dirigit.
592 1075 690 1132 Sensit
711 1077 741 1131 in
755 1075 839 1133 seiri
860 1075 987 1132 Brutus:
1009 1074 1092 1131 deoc-

138 1171 207 1209 rum
235 1164 298 1210 erat
325 1163 389 1210 tum
416 1154 487 1228 ipsis
514 1173 666 1230 capessere
695 1172 824 1230 pugnam
848 1153 982 1222 ducibus,
1007 1153 1139 1210 aridelll

138 1232 239 1308 itaque
263 1251 295 1288 se
317 1233 473 1289 certamini
492 1231 591 1289 offert:
617 1234 747 1308 adeoque
770 1232 882 1290 infestis
903 1233 1011 1289 animis
1024 1252 1091 1289 con·

139 1321 306 1380 currerunt,
322 1320 434 1382 neuter,
450 1311 520 1369 dum
540 1312 652 1368 hostem
665 1312 844 1381 vulneraret,
858 1313 908 1390 sui
924 1311 1092 1388 protegendi

138 1391 270 1466 corporis
290 1409 410 1460 memor,
432 1400 474 1459 ut,
495 1390 641 1448 contrario
661 1391 724 1446 ictu
744 1409 796 1465 per
816 1409 947 1466 parmam
968 1400 1092 1457 uterque

140 1469 308 1540 transfixus,
331 1468 446 1526 duabus
469 1469 613 1526 haerentes
635 1469 735 1538 hastis,
760 1468 923 1526 moribundi
946 1487 984 1525 ex
1007 1469 1092 1544 equis

139 1548 213 1624 lapsi
228 1548 296 1605 siut.
339 1547 433 1606 Simul
448 1557 477 1605 et
495 1557 594 1605 cetera
608 1549 751 1624 equestris
764 1566 864 1624 pugna
883 1548 981 1623 eoepit,
995 1565 1091 1622 neque
1102 1548 1140 1602 1⁵

137 1626 180 1684 ita
193 1627 286 1684 multo
301 1637 363 1703 post
376 1637 412 1684 et‘
419 1626 529 1702 pedites
542 1628 763 1704 superveniunt.
804 1625 849 1684 lbi
863 1627 947 1683 varia
959 1626 1090 1695 victoria,

138 1714 168 1762 et
189 1706 271 1763 velut
293 1725 377 1782 aequo
399 1705 503 1776 Marte,
526 1715 687 1782 pugnatum
708 1715 769 1763 est:
799 1705 921 1762 dextera
944 1706 1090 1780 utrimque

136 1803 252 1842 comus
266 1788 375 1855 vicere,
387 1785 461 1842 laeva
475 1796 628 1860 superata:
652 1785 801 1854 Veientes,
813 1785 892 1842 vinci
906 1785 943 1841 ab
957 1784 1090 1841 Romano

136 1864 231 1922 milite
247 1866 366 1934 assueti,
382 1863 439 1921 fusi
462 1863 622 1940 fugatique,
645 1864 868 1940 Tarquiniensis
887 1882 980 1921 novus
999 1865 1089 1921 bostis

135 1961 194 2000 uon
210 1945 288 2001 stetit
302 1945 406 2012 solum,
418 1943 467 2000 sed
480 1945 565 2000 etiam
581 1945 617 2000 ab
631 1963 686 2000 sua
700 1956 781 2019 parte
793 1944 958 2001 Romanum
966 1944 1087 2018 pepulit.
1098 1945 1138 1998 2⁰

136 2021 208 2080 Vll.
233 2022 276 2080 lta
291 2042 360 2080 cum
382 2033 542 2099 pugnatum
563 2032 646 2091 esset,
661 2034 760 2080 tantus
779 2033 872 2080 terror
892 2021 1089 2096 Tarquinium

135 2111 228 2177 atque
252 2101 393 2159 Etruscos
417 2103 543 2170 incessit,
568 2114 599 2158 ut
622 2103 729 2159 omissa
751 2103 887 2158 irritare
901 2099 985 2157 nocte
1005 2100 1090 2156 ambo

135 2182 297 2249 exercitus,
313 2180 423 2238 Veiens
444 2181 733 2256 Tarquiniensisque,
748 2200 818 2238 suas
837 2181 961 2256 quisque
976 2180 1089 2237 abirent

136 2258 247 2317 domos.
278 2259 431 2336 Adjioiunt
443 2261 586 2317 miracula
600 2261 669 2318 huic
683 2279 805 2337 pugnae:
826 2261 941 2317 silentio
950 2259 1088 2336 proximas

135 2340 233 2395 noctis
257 2357 295 2395 ex
318 2339 394 2396 silva
418 2340 508 2396 Arsia
528 2341 675 2415 ingentem
696 2341 803 2396 editam
823 2358 943 2397 vocem:
973 2338 1137 2394 Silvaniuo

135 2435 243 2474 vocem
270 2437 338 2475 eam
362 2419 518 2475 creditam:
550 2419 613 2476 haec
638 2418 725 2488 dicta,
749 2438 807 2476 uno
830 2420 897 2495 plus
921 2417 1087 2475 Tuscorum

135 2496 281 2554 cecidisse
296 2498 326 2553 in
341 2497 415 2566 acie,
431 2499 548 2554 vincere
562 2498 638 2554 bello
653 2497 828 2554 Romanum.
870 2496 914 2554 lta
927 2507 1006 2555 certe
1019 2496 1087 2553 inde

135 2575 238 2633 abiere
268 2575 402 2644 Romani,
431 2585 462 2633 ut
489 2577 622 2645 victores,
648 2576 768 2632 Etrusci
795 2595 848 2652 pro
875 2576 976 2631 victis:
1007 2592 1086 2642 nam,

136 2665 291 2730 postquam
307 2655 412 2724 illuxit,
424 2673 479 2712 nec
492 2657 646 2731 quisquam
662 2655 786 2710 hostium
801 2655 830 2709 iu
844 2662 1000 2728 conspectu
1014 2661 1086 2720 erat,

136 2731 171 2790 P.
189 2732 330 2790 Valerius
351 2734 449 2790 consul
473 2734 565 2810 spolia
585 2734 666 2809 legit,
681 2733 920 2808 triumphansque
940 2729 1008 2786 inde
1030 2728 1136 2787 Raso

135 2830 219 2868 mam
234 2812 329 2870 rediit.
371 2812 496 2889 Collegae
518 2811 615 2881 suune,
630 2823 738 2886 quanto
754 2823 817 2868 tum
831 2811 922 2887 potuit
935 2820 1086 2886 apparatu,

136 2889 226 2948 fecit:
248 2891 300 2948 sed
314 2892 405 2949 multo
419 2892 514 2967 majus
527 2895 610 2950 morti
632 2893 723 2948 decus
744 2892 861 2967 publica
875 2889 930 2946 fuit
943 2890 1085 2959 maestitia,

135 2989 172 3026 eo
188 2979 257 3027 aute
270 2971 368 3027 omnia
382 2971 512 3046 insignis,
522 2973 591 3046 quia
605 2980 871 3040 matronaeanuum,
880 2980 912 3026 ut
927 2979 1085 3046 parentem,

135 3067 208 3106 eum
237 3048 385 3120 luxerunt,
414 3049 490 3126 quod
516 3060 576 3107 tam
604 3069 674 3107 scer
699 3050 775 3108 ultor
798 3049 913 3106 violatas
940 3049 1086 3126 pudicitiae
1186 3045 1189 3049 ’

135 3125 252 3185 suisset.
1095 3129 1135 3184 35

178 3205 302 3264 Consuti
332 3205 443 3276 deinde,
466 3207 518 3283 qui
544 3207 812 3285 superfuerat-ut
837 3215 905 3264 sunt
932 3207 1086 3264 mutabiles

135 3285 222 3362 vulgi
242 3286 409 3343 animi-ex
433 3286 538 3356 favore,
562 3305 619 3344 non
640 3287 750 3344 invidia
773 3285 864 3355 modo,
887 3285 937 3342 sed
959 3286 1086 3359 suspicio

135 3364 228 3420 etiam
253 3383 324 3421 cum
345 3367 435 3422 atroci
455 3366 586 3435 crimine,
607 3377 687 3424 orta:
715 3383 839 3442 reguum
859 3382 928 3419 eum
949 3363 1085 3419 affectare

136 3439 219 3498 fania
243 3441 362 3512 ferebat,
378 3445 447 3519 quia
465 3463 519 3501 neo
542 3444 685 3521 collegam
706 3445 914 3517 subrogaverat
935 3442 965 3496 in
987 3440 1085 3496 locum

137 3518 235 3590 Bruti,
247 3531 275 3578 et
289 3522 450 3580 aedifioabat
464 3525 493 3579 in
508 3543 621 3580 summa
636 3525 731 3589 Velia,
743 3522 793 3578 ubi
808 3521 865 3576 alto
877 3530 961 3592 atque
975 3518 1085 3574 munito
1095 3521 1134 3576 ato

135 3597 203 3656 loco
218 3619 318 3656 arcem
329 3602 582 3678 inexpugnabilem
597 3603 669 3659 fieri.
713 3602 785 3658 Haec
800 3599 876 3655 dicta
891 3598 979 3672 vulgo
992 3595 1083 3654 credi-

136 3685 237 3754 taque,
253 3699 322 3736 cum
342 3680 509 3757 indignitate
531 3692 670 3757 augerent
684 3679 810 3745 consulis
830 3678 968 3744 animum,
984 3687 1086 3734 vocato

137 3756 175 3813 ad
205 3759 364 3816 concilium
392 3760 503 3836 populo,
526 3760 676 3816 submissis
700 3756 836 3825 fascibus,
859 3757 888 3812 in
916 3753 1084 3811 concionem

134 3835 281 3898 escendit.
325 3837 449 3896 Gratum
473 3838 502 3898 id
522 3837 699 3967 multitupini
719 3835 920 3911 spectaculum
940 3832 1005 3900 suit,
1016 3832 1083 3888 sub
