2717 4292
180 233 218 293 80
607 246 665 287 rrrr
687 247 762 288 mvn

230 377 304 455 quod
320 397 371 435 uos
385 397 422 435 ex
436 377 580 435 connubio
594 386 690 435 vestro
710 387 848 454 petamus,
866 378 1025 455 quidquam
1040 391 1084 437 est
1104 397 1177 458 prae·

230 466 363 533 terquam
377 467 408 514 ut
422 457 579 527 hominum,
596 466 628 514 ut
642 458 752 514 civium
773 477 896 515 numero
916 458 1025 516 simus:
1046 477 1176 531 necros,

229 536 286 594 nisi
300 537 330 593 in
344 537 549 593 contumeliam
561 537 807 613 ignominiamque
817 547 945 594 nostram
956 547 1070 595 certare
1082 539 1176 619 juvat,

230 616 306 692 quod
327 615 514 685 contendetis
530 616 688 691 quidquam
707 615 784 672 est.''
825 616 864 673 V.
888 622 906 650 “
916 614 1061 692 Denique,
1078 627 1177 675 utrum

182 701 200 753 5
230 694 346 752 tandem
368 694 465 771 populi
486 694 619 764 Romani,
636 713 672 750 an
694 704 832 765 vestrum,
854 714 1001 753 summum
1022 697 1178 772 imperium

230 774 296 831 estl
338 773 469 851 Regibus
489 774 609 843 exactis,
625 782 723 830 utrum
745 775 827 831 vobis
847 774 1012 844 dominatio,
1028 794 1066 831 au
1086 776 1177 832 omni·

230 852 285 909 bus
306 872 390 929 aequa
410 853 529 910 libertas
549 861 632 930 parta
645 852 712 910 est?
753 852 873 929 Oportet
894 854 983 911 licere
1001 854 1105 931 populo
1119 854 1176 912 Ro·

231 950 325 1001 meno,
340 932 365 989 si
385 931 464 1002 velit,
476 931 580 1007 jubere
601 931 706 1009 legem,
723 950 770 1001 an,
786 942 817 990 ut
837 951 961 1009 quaeque
983 932 1092 1008 rogatio
1113 952 1177 1010 pro-

231 1010 372 1087 mulgata·
386 1012 449 1081 erit,
473 1030 523 1069 vos
547 1010 687 1067 dilectum
713 1030 763 1086 pro
791 1030 878 1089 poena
902 1012 1085 1069 decernetis?
1127 1012 1177 1083 Et,

184 1096 219 1149 10
230 1090 318 1146 simul
332 1109 387 1166 ego
400 1090 534 1147 tribunus
548 1107 653 1147 vocare
666 1090 760 1147 tribus
774 1090 803 1147 in
818 1090 990 1168 suffragium
1004 1109 1136 1168 coepero,
1145 1101 1178 1149 tu

190 1236 191 1239 Ἴ
230 1169 327 1225 statim
354 1170 456 1226 consul
480 1178 661 1227 sacramento
686 1169 819 1245 juniores
846 1169 954 1247 adiges,
973 1179 1001 1227 et
1025 1171 1056 1227 in
1081 1180 1178 1227 castra

230 1247 346 1317 educes
362 1257 390 1305 et
404 1248 561 1305 minaberis
575 1248 661 1324 plebi,
676 1249 833 1305 minaberis
851 1249 990 1305 tribuno?
1031 1249 1179 1315 Quid-si

230 1346 296 1396 non,
312 1337 453 1403 quantum
467 1328 529 1385 istae
551 1328 638 1384 minae
652 1326 793 1384 adversus
807 1327 898 1404 plebis
911 1347 1084 1385 consensum
1099 1328 1177 1386 vale-

231 1415 304 1476 rent,
320 1406 363 1463 bis
373 1406 436 1483 jam
450 1408 560 1483 experti
575 1407 698 1465 essetis?
740 1406 869 1477 Scilicet,
884 1408 953 1483 quia
968 1409 1048 1465 vobis
1062 1408 1178 1465 consul-

184 1492 293 1548 15tum
315 1485 462 1555 volebatis,
482 1488 641 1543 certamine
666 1486 842 1543 abstinuistis
852 1506 939 1543 z—an
966 1486 1030 1545 ideo
1054 1506 1111 1544 non
1135 1496 1179 1545 est

231 1565 410 1635 dimicatum,
425 1565 510 1642 quod,
526 1584 591 1641 quae
605 1582 672 1640 pars
687 1565 805 1635 firmior,
817 1566 918 1623 eadem
933 1566 1085 1623 modestior
1100 1565 1178 1623 fuitt

231 1642 298 1702 Nec
318 1664 398 1702 nunc
419 1646 474 1702 erit
495 1654 652 1713 certamen,
674 1643 817 1709 Quirites.
860 1646 984 1702 Animos
1002 1655 1113 1703 vestros
1133 1647 1179 1703 illi

231 1723 381 1780 tentabunt
395 1742 518 1799 semper,
533 1723 611 1779 vires
625 1742 682 1779 non
696 1725 891 1799 experientur.
933 1722 1034 1802 Itaque
1050 1726 1085 1781 ad
1101 1725 1179 1782 bella

230 1816 379 1859 rste-seu
405 1800 478 1859 falsa
506 1821 558 1858 seu
586 1820 657 1859 vere
687 1802 948 1873 sunt-consules,
972 1813 1074 1881 parate
1098 1805 1179 1863 vobis

181 1886 220 1941 20
231 1881 329 1959 plebes
340 1889 391 1949 est,
407 1882 440 1951 si,
456 1881 607 1939 connubiis
622 1880 748 1952 redditis
760 1900 849 1939 unam
864 1883 940 1940 hanc
954 1884 1102 1941 civitatem
1116 1893 1178 1941 tan-

230 1961 296 2017 dem
312 1959 415 2030 facitis,
430 1961 454 2017 si
469 1960 644 2030 coalescere,
660 1961 685 2017 si
697 1960 783 2038 jungi
797 1961 973 2037 miscerique
988 1962 1068 2019 vobis
1082 1964 1178 2040 priva-

229 2041 266 2097 tis
287 2040 548 2098 necessitudinibus
569 2049 695 2116 possunt,
710 2041 735 2096 si
756 2060 830 2116 spes,
845 2041 870 2097 si
892 2041 986 2098 aditus
1000 2042 1035 2098 ed
1056 2042 1179 2101 honores

230 2120 302 2176 viris
323 2120 447 2177 strenuis
461 2129 489 2177 et
504 2118 624 2178 fortibus
638 2118 732 2189 datur,
748 2121 773 2176 si
788 2120 816 2176 in
838 2122 988 2191 consortio,
1004 2121 1028 2177 si
1043 2122 1073 2177 in
1087 2122 1177 2179 socie-

229 2207 288 2255 tate
303 2198 470 2275 reipublicae
481 2218 553 2269 esse,
565 2198 706 2273 si—quod
717 2218 809 2274 aequae
820 2200 958 2257 libertatis
968 2202 1179 2259 est-invicem

180 2283 219 2335 25
231 2277 335 2334 annuis
360 2278 576 2354 magistratibus
595 2296 698 2353 parere
721 2288 807 2353 atque
832 2280 997 2355 imperitare
1022 2279 1102 2338 licet.
1146 2280 1178 2337 Si

230 2355 292 2413 haec
317 2356 453 2431 impediet
481 2357 595 2432 aliquis,
622 2354 693 2413 ferte
718 2358 906 2428 sermonibus,
930 2368 960 2415 et
987 2359 1178 2435 multiplicate

230 2434 308 2492 fame
322 2435 523 2492 bella—nemo
537 2447 580 2494 est
600 2454 705 2493 nomen
726 2436 856 2508 daturus,
871 2457 956 2495 nemo
977 2456 1059 2495 arma
1078 2449 1177 2514 captu-

229 2534 288 2585 rue,
298 2533 387 2573 nemo
408 2514 598 2573 dimicaturus
612 2534 663 2593 pro
684 2516 816 2592 superbis
836 2517 967 2587 dominis,
983 2536 1051 2575 cum
1071 2520 1178 2594 quibus

229 2614 284 2652 nec
298 2594 328 2651 in
344 2613 375 2651 re
389 2595 506 2673 publica
520 2595 672 2665 honorum,
687 2614 743 2653 nec
757 2596 787 2653 iu
808 2598 921 2673 privata
935 2597 1072 2654 connubii
1086 2598 1177 2655 socie·

181 2672 364 2732 fflmfflst

268 2753 323 2812 VI.
345 2752 421 2810 Cum
435 2754 465 2810 in
480 2754 649 2811 concionem
662 2763 691 2811 et
705 2754 840 2812 consules
856 2755 1071 2831 processissent,
1086 2765 1115 2813 et
1129 2773 1177 2814 res

230 2852 248 2889 a
261 2832 408 2907 perpetuis
422 2832 599 2889 orationibus
613 2834 643 2889 in
665 2833 883 2892 altercationem
898 2835 1040 2905 vertisset,
1055 2836 1174 2893 interro-

228 2910 309 2988 ganti
329 2912 453 2982 tribuno,
469 2929 524 2969 cur
538 2910 683 2987 plebeium
705 2913 854 2970 consulem
875 2914 939 2970 fieri
953 2932 1010 2971 non
1024 2923 1176 2990 oporteret,

229 2998 261 3046 ut
280 2987 399 3047 fortasse
421 3009 500 3061 vere,
515 2991 557 3047 sic
576 3008 681 3067 parum
696 2993 806 3049 utiliter
826 2994 858 3049 in
879 3012 1006 3070 praesens
1027 3002 1175 3051 certamen

181 3074 218 3129 35
229 3067 383 3145 respondit,
398 3068 474 3146 quod
494 3088 579 3129 nemo
604 3070 734 3147 plebeius
759 3072 891 3149 auspicia
902 3071 1039 3142 baberet,
1054 3072 1176 3146 ideoque

229 3148 407 3207 decemviros
421 3150 598 3207 connubium
609 3150 768 3219 diremisse,
778 3169 814 3207 ne
825 3152 937 3209 incerta
950 3150 1030 3227 prole
1045 3152 1177 3228 auspicia

228 3230 425 3286 turbarentur.
467 3228 571 3286 Plebes
586 3228 622 3286 ad
643 3228 672 3285 id
693 3230 819 3287 maxime
840 3230 1036 3307 indignatione
1057 3231 1176 3300 exarsit,

228 3307 304 3385 quod
325 3308 479 3385 auspicari,
495 3318 644 3385 tamquam
665 3309 751 3365 invisi
772 3308 827 3365 diis
853 3309 1073 3379 immortalibus,
1087 3327 1176 3386 nega·

229 3396 331 3445 rentur
351 3407 451 3463 posse:
473 3407 528 3445 nec
551 3399 617 3446 ante
640 3388 707 3444 finis
729 3389 943 3446 contentionum
967 3388 1030 3457 tuit,
1054 3407 1123 3445 cum
1148 3397 1178 3446 et

181 3472 218 3527 40
229 3468 377 3524 tribunum
392 3468 567 3525 acerrimum
589 3476 737 3524 auctorem
752 3467 850 3543 plebes
870 3477 957 3525 nacta
971 3475 1054 3536 esset,
1070 3477 1098 3523 et
1114 3468 1177 3544 ipsa

229 3565 298 3603 cum
312 3566 346 3604 eo
368 3548 526 3623 pertinacia
547 3556 679 3615 certaret,
695 3565 783 3621 quam
798 3547 866 3603 victi
887 3546 1002 3604 tandem
1024 3538 1129 3621 paties,
1145 3555 1177 3604 ut

229 3624 264 3681 de
279 3627 421 3682 connubio
444 3625 576 3695 ferretur,
593 3644 772 3693 concessere,
787 3625 828 3682 ite
848 3627 974 3683 maxime
989 3626 1044 3682 rati
1060 3635 1175 3682 conten-

228 3704 336 3760 tionem
349 3703 384 3759 de
399 3704 519 3779 plebeiis
533 3704 701 3762 consulibus
714 3704 844 3761 tribunos
865 3715 915 3763 aut
928 3713 1017 3762 totam
1034 3704 1176 3781 depositu-

230 3795 286 3853 ros,
301 3789 352 3839 aut
371 3790 435 3861 post
448 3781 558 3841 bellurn
572 3782 711 3840 dilaturos
728 3802 802 3855 esse,
817 3792 1039 3861 contentamque
1059 3782 1178 3841 interim
