2717 4292
215 262 273 325 126
637 271 695 310 τιτι
715 271 788 311 mvn

261 420 320 461 uno
334 400 445 479 fulgore
465 402 589 459 nominis
606 400 738 469 Romani,
753 401 822 477 quid
838 411 890 471 est,
905 420 960 459 cur
973 401 1016 459 illi
1031 401 1111 460 vobis
1124 422 1202 460 com-

261 480 381 559 parandi
395 480 473 538 sintl
515 480 554 542 Ut
569 481 670 556 viginti
685 499 826 537 annorum
841 481 972 538 militiam
986 491 1112 538 vestram
1131 502 1200 540 cum

261 561 312 618 illa
327 561 441 629 virtute,
455 578 523 617 cum
538 559 589 616 illa
610 558 724 619 fortuna
744 570 866 629 taceam,
882 561 917 617 ab
938 559 1078 617 Herculis
1092 562 1200 618 colum.

260 641 314 708 nis,
330 640 366 696 ab
381 638 499 696 Oceano
513 639 700 713 terminisque
715 638 824 695 ultimis
837 642 990 708 terrarum,
1006 657 1058 715 per
1071 649 1111 697 tot
1128 639 1200 697 fero-

232 720 392 776 ticissrmos
406 718 556 794 Hispaniae
570 726 598 774 et
613 716 719 774 Galliae
732 716 851 794 populos
865 718 1013 775 vincentes
1027 717 1085 775 huc
1101 738 1199 794 perve-

260 798 358 854 nistis:
387 797 551 873 pugnabitis
573 815 642 853 cum
663 797 794 853 exercitu
815 797 916 865 tirone,
938 797 993 853 hac
1017 796 1079 873 ipsa
1102 808 1200 855 aestate

261 895 345 945 caeso,
360 877 444 945 victo,
458 876 648 933 circumsesso
669 894 687 931 a
709 874 811 944 Gallis,
826 876 922 951 ignoto
942 874 1038 932 adhuc
1058 875 1127 933 duci
1147 893 1199 933 suo

261 956 461 1031 ignorantique
474 950 589 1011 dricem.
630 953 681 1010 Au
695 972 741 1009 me
752 954 782 1010 in
793 954 923 1029 praetorio
937 954 1035 1030 patris,
1046 954 1199 1011 clarissimi

262 1034 448 1109 imperatorie,
463 1052 549 1110 prope
569 1040 679 1102 natum,
694 1042 773 1089 certe
793 1031 939 1103 eductum,
959 1031 1126 1090 domitorem
1146 1033 1199 1091 Hi-

214 1112 250 1169 10
261 1112 369 1188 spaniae
384 1112 555 1187 Galliaque,
567 1113 705 1169 victorem
719 1110 843 1169 eundem
856 1129 914 1168 non
927 1110 1103 1188 Alpinarum
1117 1112 1200 1170 modo

260 1192 390 1267 gentium
413 1190 464 1249 sed
488 1189 732 1267 ipsarum-quod
752 1189 852 1248 multo.
865 1190 961 1265 majus
984 1191 1198 1268 est—Alpium,

260 1288 329 1327 cum
343 1270 474 1327 semestri
487 1268 541 1328 hoc
554 1267 703 1327 conferam
716 1268 801 1338 duce,
812 1268 956 1326 desertore
970 1269 1116 1328 exercitus
1129 1270 1198 1327 sui?

260 1347 317 1406 Cui
327 1350 352 1405 si
366 1349 431 1424 quis
444 1348 565 1425 demptis
578 1348 668 1425 signis
682 1347 786 1405 Poenos
797 1347 997 1424 Romanosque
1010 1347 1093 1406 hodie
1107 1359 1198 1406 osten-

165 1477 174 1493 ,
260 1426 318 1497 dat,
333 1428 532 1505 ignoraturum
553 1437 665 1484 certum
686 1427 786 1497 habeo,
802 1427 896 1484 utrius
915 1427 1060 1485 exercitus
1080 1427 1197 1487 sitcon-

214 1510 251 1565 15
261 1506 317 1563 sul.
365 1506 432 1565 Non
447 1526 500 1583 ego
514 1505 586 1564 illud
608 1506 690 1582 parvi
703 1505 821 1575 aestim0,
835 1506 949 1576 milites,
964 1505 1040 1581 quod
1058 1525 1142 1565 nemo
1156 1517 1200 1565 est

235 1598 240 1605 '
261 1597 398 1655 vestrum,
414 1586 499 1661 cujus
513 1604 569 1642 non
583 1594 649 1642 ante
663 1584 762 1641 oculos
775 1586 835 1661 ipse
849 1604 924 1661 saepe
944 1585 1069 1643 militare
1083 1586 1199 1661 aliquod

261 1664 399 1721 ediderim
416 1664 538 1733 facinus,
554 1664 603 1721 cui
622 1682 678 1719 non
698 1663 775 1720 idem
796 1683 850 1740 ego
870 1664 984 1722 virtutis
1003 1673 1144 1740 spectator
1162 1685 1199 1723 ac

260 1744 339 1800 testis
354 1753 449 1800 notata
459 1742 634 1818 temporibus
645 1742 774 1818 locisque
785 1741 893 1800 referre
904 1762 958 1800 sua
968 1744 1071 1819 possim
1082 1743 1198 1802 decora.

260 1821 336 1879 Cum
359 1821 483 1879 laudatis
508 1840 526 1878 a
549 1839 595 1878 me
623 1821 729 1879 millies
753 1821 929 1899 donatisque,
955 1822 1091 1879 alumnus
1119 1824 1200 1899 prius

211 1901 388 1959 200mnium
412 1910 539 1958 vestrum
566 1919 654 1976 quam
681 1901 844 1977 imperator,
869 1898 1021 1978 procedam
1048 1902 1078 1958 in
1106 1902 1200 1959 aciem

261 1979 400 2038 adversus
421 1980 531 2057 ignotos
555 1981 629 2036 inter
650 1998 681 2036 se
705 1980 936 2057 ignorantesque.
987 1979 1096 2038 XLIV.
1119 1980 1199 2047 Qua
1236 2022 1243 2031 -

261 2078 386 2136 cumque
397 2059 563 2117 circumtuli
573 2056 682 2127 oculos,
694 2058 778 2134 plena
788 2061 883 2117 omnia
894 2059 976 2118 video
987 2061 1148 2118 animorum
1164 2080 1200 2118 ae

260 2139 377 2208 roboriS,
400 2148 569 2196 veteranum
596 2138 729 2215 peditem,
754 2139 1041 2214 generosissimarum
1067 2140 1200 2217 gentium

261 2217 371 2292 equites
386 2216 510 2274 frenatos
529 2215 753 2291 infrenatosque‚
769 2236 819 2281 vos
839 2218 932 2275 socios
948 2217 1129 2275 fidelissimos
1143 2218 1199 2276 for-

212 2296 450 2371 notissimosque,
465 2315 515 2353 vos
528 2295 792 2372 Carthaginienses,
807 2315 875 2353 cum
895 2297 931 2354 ob
945 2297 1067 2373 patriam
1087 2306 1149 2354 tum
1163 2298 1200 2354 ob

260 2376 335 2431 iram
346 2374 535 2449 justissimam
549 2384 737 2451 pugnaturos.
779 2373 933 2433 Inferimus
948 2374 1064 2446 bellum,
1076 2373 1199 2433 infestis·

260 2472 317 2530 que
332 2453 421 2531 signis
435 2452 635 2511 descendimus
649 2454 678 2510 in
698 2451 820 2523 Italiam,
835 2463 914 2511 tanto
923 2453 1072 2511 audacius
1086 2453 1199 2512 fortius-

261 2552 317 2609 que
339 2533 495 2609 pugnaturi
509 2551 596 2609 quam
611 2533 712 2602 bostis,
727 2542 834 2609 quanto
855 2533 946 2609 major
964 2552 1037 2608 spes,
1053 2534 1144 2608 major
1157 2544 1201 2592 est

262 2612 376 2669 animus
389 2610 538 2670 inferentis
552 2613 610 2669 vim
624 2630 712 2687 quam
727 2613 874 2669 arcentis
904 2610 1048 2669 Accendit
1061 2621 1201 2688 praeterea

213 2694 251 2748 30
261 2701 290 2749 et
303 2691 432 2749 stimulat
443 2692 552 2750 animos
562 2690 649 2761 dolor,
661 2690 777 2767 injuria,
789 2691 848 2748 indi
889 2687 959 2749 itas:
980 2689 1015 2748 ad
1026 2690 1201 2767 supplicium

261 2768 488 2846 depoposcerunt
507 2789 553 2827 me
568 2770 672 2827 ducem
693 2770 829 2847 primum,
844 2768 945 2827 deinde
959 2788 1011 2826 vos
1030 2788 1130 2828 omnes
1150 2770 1202 2844 qui

261 2847 425 2924 Saguntum
459 2849 694 2925 oppugnassetis3
738 2848 847 2906 deditos
880 2848 989 2905 ultimis
1022 2849 1202 2906 cruciatibus

262 2925 393 2983 affecturi
408 2925 535 2983 fuerunt.
576 2926 784 2984 Crudelissima
795 2947 830 2985 ac
844 2927 1049 3003 superbissima
1061 2946 1133 3004 gens
1146 2947 1201 2985 sua

261 3005 357 3061 omnia
369 3005 472 3081 suique
487 3005 597 3062 arbitrii
612 3004 699 3063 facit:
720 3025 789 3063 curn
802 3007 908 3082 quibus
921 3005 1041 3076 bellum,
1056 3026 1124 3064 cum
1138 3007 1200 3083 qui-

214 3088 251 3144 ³5
262 3082 316 3139 bus
330 3101 431 3158 pacem
444 3084 611 3154 habeamus,
623 3103 654 3141 se
668 3084 784 3143 modum
795 3086 942 3162 imponere
956 3102 1072 3160 aequum
1086 3096 1201 3143 censet:

262 3162 473 3221 circumscribit
486 3163 664 3240 includitque
674 3182 727 3221 nos
737 3164 870 3226 terminis
884 3164 1023 3221 montium
1038 3165 1201 3221 fluminum-

262 3260 328 3316 que,
343 3260 414 3316 quos
428 3260 485 3299 non
499 3240 683 3312 excedamus,
698 3261 792 3318 neque
806 3261 940 3319 eosquos
954 3244 1052 3300 statuit
1066 3244 1203 3300 terminos

262 3321 403 3377 observat.
446 3327 464 3355 “
473 3321 504 3378 N
505 3341 521 3378 e
535 3323 683 3380 transieris
697 3321 821 3391 Iberum,
833 3341 870 3379 ne
883 3320 953 3397 quid
964 3323 1006 3379 rei
1019 3322 1071 3378 tibi
1085 3321 1121 3380 sit
1134 3342 1204 3379 cum

263 3398 464 3475 Saguntinis.’'
505 3399 553 3458 Ad
576 3400 691 3459 Iberum
714 3401 799 3458 estS
841 3411 959 3458 untum:
982 3405 1156 3476 “nusquam
1175 3411 1204 3458 ta

214 3481 252 3537 40
263 3478 383 3555 vestigio
397 3480 521 3537 moveris
531 3478 560 3537 !’'
582 3480 689 3537 Parum
704 3490 747 3537 est
760 3499 817 3555 quo
850 3479 1021 3537 veterrimas
1036 3476 1204 3553 ¹provincias

263 3575 343 3612 meas
364 3557 494 3615 Siciliam
509 3578 543 3615 ac
558 3557 721 3616 Sardiniam
743 3558 868 3615 adimis?
909 3557 1008 3615 Etiam
1023 3557 1203 3633 Hispamasi

264 3633 303 3691 Et
323 3635 389 3692 inde
403 3655 533 3694 cessero:
555 3638 584 3693 in
607 3636 740 3694 Africam
761 3635 957 3694 transcendes.
999 3635 1205 3695 Transcendes

264 3722 361 3770 autem
381 3714 468 3772 dico?
509 3714 589 3772 Duos
610 3715 743 3773 consules
763 3716 851 3791 hujus
872 3716 950 3784 anni,
966 3733 1058 3771 unum
1079 3716 1110 3771 in
1125 3715 1204 3773 Afri.

262 3807 338 3859 eam,
363 3790 487 3848 alterum
514 3794 545 3849 in
573 3793 744 3869 Hispaniam
771 3794 922 3851 miserunt.
963 3792 1046 3850 Nihil
1074 3811 1205 3872 unquam
