2717 4292
419 312 505 354 arasa
527 286 558 353 u.
600 313 665 353 car.
681 314 774 366 xxxv,
790 315 895 356 xxxrr.
1115 314 1153 375 33

19 418 119 508 -ἰ
198 439 326 505 XXXV.
344 486 352 501 .
370 486 377 501 .
396 486 404 502 .
420 442 492 502 Tou
514 443 651 514 Senones,
664 446 855 504 recentissimi
869 447 1057 520 advenarum,
1069 448 1106 506 ab

124 527 129 536 '
158 524 263 585 Utente
289 525 527 601 flumineusque
553 524 588 581 ad
611 524 706 583 AEsim
730 526 804 583 fines
827 526 966 585 habuere.
1017 527 1105 586 Hanc
1169 560 1190 615 α

155 614 273 683 gentem
299 603 435 662 Clusium
463 603 644 680 Romamque
665 604 732 662 inde
754 605 868 663 venisse
890 608 1051 683 comperio:
1076 606 1106 666 id
1187 602 1198 625 ⁸

124 693 129 706 “
157 703 262 762 parum
283 692 399 741 eertum
413 691 464 751 est,
480 683 617 752 solamne,
633 702 670 740 au
688 684 724 741 ab
737 685 871 742 omnibus
891 685 1105 765 Cisalpinorum

157 762 313 822 Gallorum
333 762 447 839 populis
466 762 604 839 adjutam.
646 762 760 821 Clusini
780 782 854 822 novo
872 765 948 823 bello
965 767 1134 838 exterriti‚5

116 843 121 868 ²
155 861 225 901 cum
239 840 466 914 multitudinem,
482 859 551 899 cum
572 840 677 900 formas
698 843 848 900 hominum
868 845 1029 903 invisitatas
1042 864 1104 903 cer-

73 932 82 983 t
154 931 268 992 nerent,
284 932 315 980 et
336 939 431 999 genus
452 938 609 990 armorum,
631 921 822 999 audirentque
843 942 920 1000 saepe
945 925 982 982 ab
1003 925 1047 994 iis,
1063 925 1107 983 cis

116 1031 121 1040 ·
155 1000 271 1059 Padum
292 999 438 1077 ultraque,
453 1001 582 1078 legiones
602 998 795 1059 Etruscorum
819 1000 908 1073 fusas,
928 1023 1106 1080 quamquam

114 1113 121 1128 ·
156 1079 299 1138 adversus
324 1079 470 1137 Romnum
493 1078 607 1137 nullum
632 1080 675 1138 eis
693 1080 744 1156 jus
765 1082 911 1140 societatis
933 1083 1106 1142 amicitiaeve

157 1168 227 1230 erat,
243 1159 301 1217 nisi
315 1158 392 1234 quod
406 1157 545 1217 Veientes
563 1161 793 1236 consanguineos
814 1161 953 1221 adversus
967 1162 1105 1241 populum
1118 1165 1154 1222 10

156 1236 324 1297 Romanum
339 1255 396 1296 non
410 1237 611 1310 defendissent,
626 1238 737 1316 legatos
751 1240 884 1311 Romam,
896 1243 948 1320 qui
962 1242 1106 1311 auxilium

126 1381 129 1392 Ι
156 1318 194 1377 ab
208 1326 468 1395 senatu-peterent,
480 1318 595 1375 misere.
638 1316 684 1375 De
699 1320 808 1376 auxilio
820 1321 892 1377 nihil
904 1323 1106 1399 impetratum:

44 1453 50 1459 .
156 1397 247 1475 legati
270 1396 314 1455 Μ.
340 1396 424 1454 Fabii
447 1397 585 1454 Ambusti
607 1396 661 1453 filii
684 1397 774 1467 missi,
795 1399 846 1473 qui
870 1412 987 1457 senatus
1009 1401 1107 1477 populi

157 1476 286 1535 Romani
306 1476 422 1534 nomine
437 1486 557 1553 agerent
571 1494 641 1533 cum
656 1475 760 1545 Gallis,
775 1494 822 1547 ne,
838 1495 855 1533 a
875 1479 981 1552 quibus
995 1478 1108 1537 nullam
1194 1476 1199 1483 ’

88 1609 91 1626 ,
157 1556 299 1633 injuriam
321 1556 510 1632 accepissent,
525 1556 619 1613 socios
633 1556 732 1632 populi
753 1555 878 1614 Romani
892 1566 978 1633 atque
999 1558 1156 1615 amicos15

89 1698 90 1706 ,
157 1644 378 1713 oppugnarent:
410 1634 549 1693 Romanis
571 1654 621 1692 eos
645 1635 721 1692 bello
744 1654 869 1712 quoque,
890 1636 915 1693 si
940 1654 986 1695 res
1013 1646 1106 1713 cogat,

87 1713 90 1764 l
157 1714 282 1773 tuendos
294 1733 368 1783 esse,
383 1712 433 1771 sed
447 1714 552 1771 melius
567 1715 671 1784 visum,
686 1714 796 1771 bellum
816 1715 912 1792 ipsum
931 1717 1068 1786 amoveri,
1082 1717 1108 1773 si

86 1801 89 1876 J
158 1803 262 1871 posset,
288 1803 317 1852 et
345 1792 455 1862 GalloS,
476 1811 582 1850 novam
605 1802 731 1870 gentem,
754 1813 827 1871 pace
851 1795 945 1871 potius
972 1796 1108 1873 cognosci

86 1895 88 1904 ·
158 1892 248 1950 quam
263 1873 363 1930 armis.
406 1871 547 1930 XXXVI.
570 1872 649 1930 Mitis
662 1873 777 1951 legatio,
792 1874 823 1930 ni
843 1872 1014 1948 praeferoces
1028 1875 1106 1953 lega-

87 2002 90 2014 .
159 1962 211 2024 tue,
235 1951 390 2028 Gallisque
415 1952 509 2029 magis
531 1971 619 2028 quam
644 1952 784 2010 Romanis
808 1954 926 2024 similes,
948 1954 1105 2012 habuisset.
1117 1955 1156 2011 20

159 2031 286 2101 Quibus,
306 2040 457 2108 postquam
480 2030 615 2089 mandata
637 2031 788 2089 ediderunt
809 2033 840 2089 in
862 2033 986 2091 concilio
1008 2032 1107 2090 Gallo·

82 2179 83 2187 ἵ
160 2130 235 2181 rum,
251 2110 337 2169 datur
352 2128 521 2187 responsum
532 2130 546 2167 ελ
561 2111 613 2168 etsi
628 2130 736 2169 novum
748 2130 853 2169 nomen
868 2112 986 2169 audiant
1001 2112 1105 2169 Roma-

159 2208 273 2259 norum,
284 2199 383 2247 tamen
397 2188 515 2247 credere
530 2190 606 2247 viros
618 2189 704 2249 fortes
714 2210 786 2261 esse,
798 2209 922 2266 quorum
934 2192 1078 2249 araxilium
1089 2212 1108 2251 a

159 2269 290 2329 Clusinis
300 2270 331 2326 in
343 2288 374 2326 re
385 2268 496 2346 trepida
507 2268 543 2326 sit
553 2269 751 2346 imploratum:
770 2278 807 2341 et,
818 2271 954 2347 quoniam
964 2270 1107 2349 legatione

160 2349 303 2407 adversus
317 2368 348 2406 se
362 2348 520 2405 maluerint
533 2367 621 2425 quam
635 2350 724 2407 armis
738 2351 813 2407 tueri
831 2351 932 2421 socios,
948 2369 985 2408 ne
999 2370 1030 2409 se
1044 2351 1106 2428 qui·
1116 2352 1156 2409 25

159 2428 227 2486 dem
247 2446 352 2505 pacem
366 2446 454 2505 quam
475 2426 518 2484 illi
533 2428 653 2486 afferant
668 2430 824 2506 aspernari,
839 2430 864 2487 si
890 2429 985 2487 Gallis
999 2432 1107 2507 egenti·

75 2551 79 2572 ,
160 2507 216 2565 bus
241 2525 321 2585 agro,
343 2507 542 2584 quemlatius
566 2508 729 2583 possideant
751 2527 840 2583 quam
865 2508 961 2565 colant
983 2508 1106 2579 Clusini,

74 2575 77 2598 ¹
160 2595 273 2664 partem
298 2586 401 2644 finium
425 2586 601 2643 concedant:
635 2585 719 2644 aliter
747 2605 848 2662 pacem
876 2586 1024 2661 impetrari
1051 2605 1108 2643 non

110 2716 111 2719 ,
161 2685 262 2743 posse:
284 2674 314 2723 et
328 2684 495 2742 responsum
510 2684 609 2724 coram
627 2663 767 2722 Romanis
781 2683 812 2720 se
827 2664 960 2739 accipere
974 2664 1049 2721 velle
1070 2674 1108 2734 et,

61 2792 64 2819 ,
162 2746 187 2802 si
211 2754 338 2822 negetur
362 2764 441 2821 ager,
463 2764 562 2802 coram
582 2743 685 2801 iisdem
706 2742 846 2801 Romanis
867 2741 1062 2813 dimicaturos,
1077 2752 1109 2802 ut
1119 2745 1158 2800 30

163 2825 299 2883 nuntiare
320 2824 437 2881 domum
457 2832 580 2901 possent,
599 2833 741 2900 quantum
763 2822 843 2880 Galli
868 2823 974 2880 virtute
999 2832 1110 2881 ceteros

71 2924 72 2927 ¹
163 2903 301 2961 mortales
324 2912 503 2980 praestarent.
546 2901 701 2969 Quodnam
725 2903 754 2960 id
779 2902 829 2979 jus
852 2912 937 2973 esset,
963 2921 1110 2981 agruma

164 2984 375 3059 possessoribus
389 2993 493 3059 'petere
508 2991 559 3040 aut
577 2983 682 3040 minari
697 3001 788 3054 arma,
805 2983 944 3041 Romanis
957 2983 1109 3059 quarenti-

164 3062 227 3134 bus,
242 3070 272 3121 et
294 3061 364 3139 quid
386 3062 417 3119 in
439 3060 560 3119 Etruria
582 3063 623 3120 rei
646 3062 741 3121 Gallis
759 3073 843 3133 esset,
865 3079 933 3121 cum
955 3064 1008 3133 illi,
1025 3084 1057 3121 se
1079 3065 1110 3121 in

165 3143 262 3212 armis,
275 3141 326 3218 jus
341 3140 427 3211 ferre,
442 3152 470 3199 et
490 3141 586 3199 omnia
608 3139 724 3199 fortium
738 3143 866 3201 virorum
888 3163 960 3213 esse,
976 3142 1111 3201 ferociter
1120 3146 1159 3199 35

165 3218 304 3292 dicerent,
317 3222 449 3279 accensis
462 3220 607 3296 utrimque
622 3222 726 3279 animis
740 3221 776 3278 ad
791 3240 872 3279 arma
886 3221 1066 3292 discurritur,
1082 3232 1110 3280 et
1216 3240 1218 3243 ’

165 3299 303 3377 proelium
327 3301 498 3358 conseritur.
540 3300 683 3377 Ibi-jam
697 3301 867 3377 urgentibus
886 3300 1048 3356 Romanam
1063 3318 1109 3357 ur-

166 3378 231 3436 bem
246 3377 442 3455 fatis-legati
457 3389 556 3437 contra
568 3380 617 3456 jus
631 3381 761 3455 gentium
777 3396 859 3435 arma
873 3379 1001 3454 capiunt.
1044 3377 1111 3435 Nec

166 3456 194 3515 id
208 3458 287 3515 clam
301 3477 364 3516 esse
379 3459 477 3534 potuit,
489 3477 557 3517 cum
572 3469 638 3517 ante
652 3460 736 3535 signa
755 3457 946 3515 Etruscorum
960 3466 1019 3514 tres
1033 3457 1110 3514 nobi-

166 3534 269 3594 lissimi
284 3535 489 3614 fortissimique
510 3538 649 3596 Romanae
667 3536 828 3614 juventutis
849 3544 1029 3612 pugnarent.
1049 3538 1159 3594 tan-4⁰

167 3624 228 3672 turn
245 3617 390 3675 eminebat
412 3617 566 3695 peregrina
580 3617 683 3675 virtus.
725 3615 807 3681 Quin
828 3616 915 3672 etiam
936 3614 975 3680 Q.
992 3614 1111 3686 Fabius,

167 3703 287 3753 evectus
307 3704 390 3753 extra
413 3698 506 3754 aciem
528 3716 611 3772 equo,
627 3696 732 3753 ducem
755 3693 908 3752 Gallorum
930 3694 1063 3753 ferociter
1081 3694 1113 3752 in

168 3773 230 3849 ipsa
243 3774 329 3851 signa
342 3774 535 3833 Etruscorum
556 3777 763 3843 incursantem,
778 3792 830 3849 per
844 3773 920 3832 latus
940 3774 1112 3834 transfixum

168 3850 261 3924 hasta,
283 3853 407 3913 oceidit:
429 3854 578 3933 spoliaque
601 3852 665 3929 ejus
688 3854 831 3931 legentem
855 3851 935 3913 Galli
957 3871 1113 3932 agnovere,
