2717 4292
459 290 546 330 mann
566 291 629 332 xx1.
672 292 737 331 oar.
754 292 795 344 11,
809 292 840 333 x.
1085 279 1141 341 101

146 421 335 498 linebantque
360 418 443 497 pice:
476 420 587 479 serrum
616 432 714 480 autem
741 432 801 481 tres
827 423 947 501 longum
974 424 1100 483 babebat

145 500 242 579 pedes,
267 514 301 558 ut
321 520 390 558 cum
413 501 502 558 armis
526 502 698 580 transfigere
719 522 824 579 corpus
844 514 948 581 posset.
990 504 1047 562 Sed
1069 503 1099 563 id

144 582 283 651 maxime,
308 581 396 638 etiam
421 582 445 637 si
471 582 600 639 haesisset
623 583 653 638 iu
678 593 761 639 scuto
785 601 840 640 nec
865 594 1043 660 penetrasset
1067 584 1098 643 in

144 678 261 736 corpuS,
278 679 416 737 pavorem
437 659 572 730 faciebat,
594 662 679 737 quod,
702 680 771 719 cum
793 662 920 720 medium
940 682 1097 721 accensum

144 741 310 797 mitteretur
324 749 555 817 conceptumque
570 742 630 816 ipso
645 750 725 798 motu
739 742 830 799 multo
845 742 984 818 majorem
998 744 1130 819 ignem5

144 818 244 889 ferret,
271 838 354 877 arma
374 821 466 877 omitti
488 821 609 896 cogebat
630 820 800 896 nudumque
822 822 943 879 militem
965 822 1000 879 ad
1021 824 1096 880 inse-

144 908 269 975 quentes
292 900 369 956 ictus
397 900 552 974 praebebat.
603 899 656 958 IX.
687 900 763 957 Cum
790 900 841 958 diu
866 920 973 977 anceps
995 901 1097 961 fuisset

143 990 305 1049 certamen,
331 988 360 1035 et
384 977 562 1055 Saguntinis,
586 980 655 1056 quia
680 991 785 1055 praeter
811 1000 893 1056 spem
921 981 1096 1051 resisterent,

143 1058 309 1115 crevissent
338 1058 436 1129 animi,
465 1058 583 1129 Poenus,
611 1060 682 1135 quia
708 1078 764 1116 nou
794 1061 919 1131 vicisset,
948 1079 1001 1137 pro
1020 1062 1097 1119 victo

143 1146 230 1206 esset,
256 1138 414 1195 clamorem
437 1148 554 1214 repente
575 1138 709 1215 oppidani
733 1139 846 1212 tollunt,
872 1141 1041 1219 hostemque
1064 1142 1094 1198 in
1108 1141 1143 1197 tu

144 1217 247 1273 ruinas
270 1218 347 1273 muri
370 1217 528 1294 expellunt,
554 1218 620 1275 inde
651 1217 821 1294 impeditum
845 1220 1093 1298 trepidantemque

56 1308 58 1312 '
143 1295 310 1367 exturbant,
326 1306 468 1373 postremo
482 1295 580 1354 fusum
596 1296 786 1375 fugatumque
797 1299 828 1355 in
842 1310 938 1358 castra
949 1300 1093 1378 redigunt.

93 1398 105 1414 ·
185 1374 305 1433 Interim
317 1377 353 1433 ab
368 1376 461 1434 Roma
475 1376 586 1453 legatos
601 1377 715 1433 venisse
729 1378 894 1435 nuntiatum
908 1388 968 1436 est:
989 1380 1096 1455 quibus
1161 1376 1164 1383 ’

141 1454 260 1511 obviam
286 1455 321 1512 ad
345 1474 424 1513 mare
447 1456 528 1513 missi
550 1456 588 1513 ab
611 1455 789 1526 Hannibale,
810 1457 860 1532 qui
881 1455 1018 1527 dicerent,
1039 1476 1096 1515 nec

141 1538 205 1592 tuto
219 1554 269 1592 eos
284 1535 410 1593 adituros
424 1536 499 1593 inter
513 1545 554 1597 tot
564 1544 623 1592 tam
635 1534 842 1592 effrenatarum
856 1536 987 1614 gentium
1002 1554 1093 1607 arma,
1108 1538 1144 1592 15

141 1632 199 1671 nec
211 1613 380 1672 'Hannibali
394 1615 424 1671 iu
438 1625 517 1673 tanto
532 1615 698 1673 discrimine
717 1633 816 1672 rerum
829 1634 924 1692 operae
938 1635 1003 1675 esse
1016 1616 1094 1693 lega-

141 1694 237 1751 tiones
248 1693 360 1751 audire.
403 1694 582 1771 Apparebat,
597 1713 654 1752 non
672 1694 811 1752 admissos
826 1696 956 1772 protinus
974 1696 1094 1753 Cartha-

141 1774 243 1849 ginem
272 1774 371 1831 ituros
414 1774 541 1832 Litteras
569 1775 658 1852 igitur
685 1776 860 1851 nuntiosque
885 1775 921 1832 ad
949 1776 1095 1852 principes

143 1852 279 1911 factionis
295 1853 429 1912 Barcinae
448 1854 602 1930 praemittit,
623 1864 655 1911 ut
675 1865 871 1931 praepararent
893 1874 1012 1913 suorum
1033 1856 1093 1912 ani-

142 1950 215 2003 mos,
231 1952 268 1990 ne
289 1933 358 2009 quid
379 1952 447 2011 pars
462 1934 555 2011 altera
575 1934 735 2011 gratificari
756 1953 807 2011 pro
828 1934 968 1992 Romanis
988 1944 1092 2011 posset.
1104 1936 1144 1991 20

143 2012 183 2070 X.
207 2012 309 2088 ltaque
337 2023 530 2091 praeterquam
554 2013 630 2089 quod
653 2013 771 2071 admissi
792 2014 942 2092 auditique
967 2024 1043 2085 aunt,
1059 2034 1094 2071 ea

141 2112 260 2169 quoque
269 2110 346 2150 vana
357 2104 442 2169 atque
452 2094 534 2150 irrita
545 2093 650 2171 legatio
662 2092 726 2151 fuit.
738 2093 856 2165 xHanno
867 2112 944 2150 unus
953 2093 1094 2151 adversus

140 2183 279 2229 senatum
293 2191 413 2229 causam
435 2171 561 2243 foederis,
578 2191 684 2249 magno
704 2173 818 2231 silentio
839 2183 954 2250 propter
969 2174 1092 2232 auctori-

141 2261 234 2309 tatem
249 2270 341 2321 suam,
357 2270 413 2310 non
433 2270 502 2309 cum
522 2271 642 2310 assensu
663 2253 843 2311 audientium
864 2254 930 2332 egit,
946 2272 998 2331 per
1011 2252 1089 2324 deos,

143 2329 288 2389 toederum
304 2332 426 2389 arbitros
441 2351 476 2389 ao
497 2341 591 2401 testes,
607 2342 741 2390 senatum
761 2334 916 2403 obtestans,
931 2353 968 2391 ne
986 2332 1091 2391 Roma-
1102 2335 1142 2390 2⁵

142 2429 215 2467 num
229 2430 299 2470 oum
314 2410 475 2488 Saguntino
489 2412 663 2470 suscitarent
684 2413 804 2470 bellum.
821 2457 823 2460 -
847 2412 1004 2482 Monuisse,
1020 2431 1091 2488 prae-

143 2489 251 2548 dixisse
267 2511 307 2561 se,
322 2510 358 2547 ue
380 2490 559 2549 Hamilcaris
580 2492 747 2569 progeniem
768 2492 806 2548 ad
820 2493 981 2550 exercitum
999 2493 1092 2549 mitte-

143 2579 225 2628 rent:
249 2589 307 2627 non
328 2590 438 2641 manes
452 2589 510 2628 non
524 2572 643 2648 stirpem
658 2570 723 2646 ejus
737 2571 943 2645 conquiescere
957 2571 1023 2638 viri,
1037 2588 1093 2626 nec

142 2666 284 2726 unquam,
309 2649 401 2708 donec
425 2651 576 2727 sanguinis
598 2650 779 2725 nominisque
801 2649 921 2706 Barcini
940 2649 1094 2724 quisquam

142 2730 277 2807 supersit,
293 2731 429 2806 quietura
443 2730 575 2787 Romana
590 2728 719 2787 soedera:
743 2728 907 2805 “juvenem
922 2728 1094 2805 flagrantem
1105 2730 1144 2784 30

142 2808 281 2885 cupidine
296 2810 379 2886 regni
390 2809 525 2885 viamque
538 2828 626 2867 unam
641 2808 677 2865 ad
692 2808 722 2866 id
736 2818 912 2878 cernentem,
923 2808 949 2865 si
959 2826 996 2865 ex
1011 2806 1094 2864 bellis

143 2888 222 2945 bella
236 2889 358 2947 serendo
378 2889 547 2947 succinctus
568 2890 656 2947 annis
674 2887 895 2967 legionibusque
910 2888 998 2958 vivat,
1014 2887 1095 2946 velut

144 2978 298 3025 materiam
313 2968 374 3045 igni
394 2968 563 3044 praebenteS,
579 2968 615 3025 ad
636 2970 783 3026 exercitus
804 2968 930 3026 misistis.
972 2968 1095 3026 Aluistis

145 3066 214 3124 ergo
228 3048 284 3106 hoc
299 3047 476 3118 incendium,
491 3067 548 3124 quo
566 3067 646 3106 nunc
660 3048 778 3106 ardetis.
821 3047 985 3126 Saguntum
1005 3048 1094 3107 vestri

46 3180 54 3191 ,
145 3126 360 3185 circumsedent
375 3128 530 3197 exercitus,
546 3127 622 3184 unde
642 3138 780 3185 arcentur
793 3126 920 3187 foedere:
942 3148 1009 3185 mox
1022 3128 1093 3185 Car·
1105 3130 1143 3185 35

145 3207 294 3283 thaginetn
317 3206 572 3264 circumsedebunt
595 3206 735 3265 Rornanae
753 3207 882 3285 legiones
902 3208 1026 3265 ducibus
1047 3209 1093 3264 iis-

145 3284 210 3341 dem
233 3286 297 3355 diis,
313 3305 365 3362 per
387 3306 459 3362 quos
482 3287 576 3363 priore
599 3286 675 3345 bello
696 3298 781 3364 rupta
805 3286 915 3344 ioedera
939 3296 1006 3343 sunt
1029 3286 1093 3343 ulti.

147 3363 251 3422 Utrum
266 3365 377 3423 hostem
393 3384 430 3423 an
444 3386 495 3423 vos
509 3384 547 3423 an
569 3366 714 3423 fortunam
729 3367 880 3442 utriusque
899 3364 996 3441 pepuli
1015 3365 1093 3440 igno-

145 3444 236 3501 ratis?
279 3444 415 3522 Legatos
432 3446 468 3502 ab
488 3446 575 3504 sociis
596 3455 624 3503 et
645 3440 697 3522 pio
717 3447 803 3503 sociis
823 3446 982 3512 venientes,
1002 3442 1094 3501 bonus

145 3522 302 3599 imperator
315 3535 411 3582 vester
429 3526 459 3581 in
479 3537 575 3583 castra
595 3544 653 3582 non
675 3525 798 3592 admisit,
810 3523 860 3599 jus
880 3524 1011 3599 gentium
1032 3524 1144 3580 sus-40

143 3603 227 3659 tulit:
250 3604 280 3661 bi
295 3614 402 3674 tamen,
418 3604 494 3662 unde
508 3623 545 3662 ne
560 3606 685 3663 hostium
699 3604 816 3679 quidem
837 3602 926 3679 legati
947 3610 1094 3672 arcentur,

145 3681 222 3759 pulsi
244 3682 281 3740 ad
303 3703 353 3741 vos
374 3693 526 3742 venerunt.
569 3684 629 3741 Res
644 3702 681 3740 ex
703 3682 812 3739 soedere
835 3691 1020 3758 repetuntur:
1043 3701 1094 3757 pu.

146 3760 223 3820 blica
238 3761 320 3820 fraus
337 3762 420 3835 absit,
435 3773 583 3821 auctorem
598 3761 694 3837 culpae
714 3771 743 3819 et
763 3779 846 3818 reum
865 3760 997 3820 criminis
1010 3759 1095 3838 depo·

147 3852 242 3901 scunt.
278 3842 348 3910 Quo
358 3842 454 3901 lenius
465 3852 563 3919 agunt,
573 3842 693 3919 segnius
702 3841 853 3920 incipiunt,
865 3861 908 3914 eo,
920 3858 989 3901 oum
999 3859 1096 3919 ooepe·
