2717 4292
459 299 544 340 arasa
567 300 589 340 r.
630 300 697 341 car.
711 301 792 354 xant,
807 301 870 343 aur.
1119 285 1158 350 8'1

151 425 313 498 ,aemulatio
327 439 422 486 esset:
445 439 576 506 ceterum
596 430 630 488 id
646 450 761 507 quoque
782 432 819 488 ad
838 431 961 509 gloriam
982 433 1116 502 accessit,

166 508 242 584 quod
263 527 333 565 cum
355 508 404 565 illo
418 509 506 565 simul
524 510 604 585 justa
618 529 653 568 ac
674 511 804 588 legitima
818 529 909 588 regna
928 513 1115 572 occiderunt:

165 587 195 644 id
216 589 313 663 ipsum
334 597 394 644 tam
415 589 483 645 mite
505 607 539 646 ac
561 599 619 646 tam
634 589 813 647 moderatum
834 592 989 667 imperium
1009 601 1116 663 tamen,

165 668 236 743 quia
251 667 339 723 unius
353 676 437 738 esset,
453 667 595 745 deponere
604 688 672 726 eum
686 670 717 726 in
731 671 827 727 animo
842 670 988 740 habuisse,
997 671 1117 747 quidam

166 754 303 804 auctores
316 756 405 818 sunt3
428 747 458 803 ni
472 747 569 805 scelus
582 749 751 806 intestinum
764 749 922 806 liberandae
935 752 1036 826 patrita
1050 769 1116 808 con-
1129 753 1147 806 b

166 825 234 882 silia
249 825 371 901 agitanti
385 827 597 892 intervenisset.

210 902 320 962 XLIX.
346 903 415 962 Inde
439 903 477 963 L.
501 904 681 981 Tarquinius
702 924 826 984 regnare
845 908 968 984 occepit,
989 909 1039 967 cui
1062 909 1118 967 Su·

167 983 259 1061 perbo
283 1002 441 1060 cognomen
463 982 541 1042 faeta
563 985 738 1056 indiderunt,
766 987 837 1062 quia
864 1004 999 1044 socerum

167 1079 262 1139 gener
274 1063 425 1139 sepultura
445 1064 597 1139 prohibuit,
613 1064 773 1122 Romulum
789 1084 903 1142 quoque
923 1067 997 1124 inse-
1038 1085 1069 1126 u.
1089 1085 1117 1126 o.

166 1142 284 1218 pultum
299 1143 416 1217 perisse,
428 1143 571 1212 dictitans,
581 1146 778 1220 primoresque
793 1154 916 1221 patrum,
925 1165 999 1222 quos
1038 1151 1107 1206 220.
1131 1147 1168 1204 1⁰

170 1220 266 1277 Servii
280 1221 368 1279 rebus
381 1219 487 1279 favisse
502 1223 645 1294 credebat,
661 1223 816 1282 interfecit.
857 1224 1000 1283 Conscius
1038 1245 1070 1285 a.
1088 1245 1116 1284 c.

171 1299 284 1370 deinde,
302 1300 378 1358 male
398 1302 547 1376 quaerendi
568 1305 651 1379 regni
674 1303 712 1359 ab
725 1323 756 1360 se
778 1304 839 1378 ipso
859 1304 999 1363 adversus
1040 1311 1108 1362 522.

171 1397 202 1436 se
223 1380 389 1457 exemplum
411 1382 476 1456 capi
497 1401 588 1456 posse,
611 1383 730 1438 armatis
750 1401 855 1457 corpus
875 1384 999 1440 circum-

171 1459 285 1533 saepsit:
312 1478 405 1534 neque
426 1461 505 1517 enim
526 1460 563 1516 ad
584 1461 633 1535 jus
648 1462 731 1538 regni
755 1461 915 1536 quidquam
936 1472 1041 1539 proeter
1060 1464 1120 1520 vim

171 1537 305 1608 habebat,
334 1549 366 1595 ut
392 1541 443 1615 qui
469 1558 564 1616 neque
586 1540 685 1617 populi
710 1539 807 1615 jussu,
830 1559 925 1616 neque
954 1543 1120 1598 auctoribus
1133 1546 1169 1601 1⁵

171 1617 310 1692 patribus,
329 1628 474 1694 regnaret.
516 1619 561 1676 Eo
582 1619 749 1689 accedebat,
765 1630 797 1677 ut
816 1621 847 1676 in
868 1621 990 1677 caritate
1010 1621 1121 1677 civium

171 1697 243 1753 nihil
258 1698 320 1773 spei
340 1699 488 1773 reponenti
510 1709 589 1756 metu
604 1717 727 1774 regnum
748 1698 901 1756 tutandum
919 1708 1011 1758 esset:
1033 1719 1120 1776 quem

172 1786 204 1832 ut
224 1775 357 1853 pluribus
378 1778 530 1846 incuteret,
551 1779 729 1854 cognitiones
749 1779 917 1853 capitalium
938 1797 1037 1837 rerum
1057 1780 1120 1836 sine

171 1856 301 1913 consiliis
320 1875 372 1932 per
384 1876 415 1914 se
429 1857 509 1914 solus
522 1858 685 1926 exercebat,
705 1876 815 1934 perque
829 1876 894 1914 eam
908 1877 1029 1915 causam
1043 1860 1119 1917 occi-

170 1933 250 2004 dere,
265 1935 296 1992 in
310 1936 445 1992 exsilium
466 1955 562 2012 agere,
578 1936 658 1994 bonis
673 1937 797 1993 multare
818 1946 936 2012 poterat,
951 1956 1008 1994 non
1022 1957 1119 2014 suspe-
1130 1943 1170 1997 20

170 2014 330 2072 etos‘modo
344 2024 396 2072 aut
409 2015 525 2084 invisos,
535 2009 585 2072 sed
598 2014 673 2072 unde
687 2015 760 2071 nihil
775 2015 864 2083 aliud,
879 2034 968 2091 quam
982 2017 1119 2093 praedam,

171 2111 292 2168 sperare
312 2103 415 2170 posset.
459 2093 609 2170 Praecipue
632 2095 672 2152 ita
693 2102 806 2171 patrum
824 2112 945 2152 numero
958 2096 1119 2165 imminuto,

171 2173 271 2230 statuit
291 2174 387 2231 nullos
406 2175 438 2230 in
458 2183 552 2250 patres
572 2173 679 2250 legere,
694 2192 752 2250 quo
766 2175 955 2250 contemptior
975 2175 1120 2250 paucitate

172 2251 237 2326 ipsa
250 2253 318 2310 ordo
332 2263 417 2322 esset,
432 2255 586 2328 minusque
608 2271 659 2329 per
672 2273 704 2310 se
724 2253 797 2310 nihil
819 2255 867 2330 agi
887 2253 1118 2331 indignarentur.

85 2341 87 2346 '
172 2329 232 2388 Hic
247 2333 324 2388 enim
339 2351 442 2409 regum
463 2334 573 2410 primus
594 2332 731 2390 traditum
752 2351 770 2389 a
789 2333 934 2409 prioribus
955 2352 1063 2391 morem
1084 2333 1168 2394 deae

161 2409 307 2469 ‘omnibus
334 2422 467 2469 senatum
491 2411 660 2470 consulendi
684 2412 778 2483 solvit,
803 2412 967 2470 domesticis
992 2413 1121 2470 consiliis

174 2507 236 2546 rem
257 2491 403 2566 publicam
424 2491 650 2548 administravit:
672 2490 791 2560 bellurn,
813 2510 925 2566 pacem,
940 2491 1060 2559 foedera,
1076 2511 1118 2547 so-

173 2569 292 2627 cietates
312 2589 362 2646 per
380 2590 412 2627 se
432 2571 502 2646 ipse,
518 2589 588 2628 curn
601 2569 820 2644 quibus‘voluit,
836 2570 949 2644 injussu
964 2571 1063 2644 populi
1085 2588 1120 2625 ac

174 2658 302 2720 senatus,
318 2648 387 2706 fecit
401 2649 582 2725 diremitque.
612 2647 783 2705 Latinorum
798 2647 851 2703 sibi
866 2648 992 2704 maxime
1006 2658 1121 2723 gentem

174 2729 358 2799 conciliabat,
374 2745 406 2786 ut
426 2728 586 2806 peregrinis
600 2745 713 2804 quoque
727 2725 828 2801 opibus
849 2726 936 2783 tutior
953 2726 1029 2782 inter
1043 2726 1121 2783 cives
1131 2731 1171 2786 30

175 2817 258 2876 esset,
283 2827 377 2885 neque
402 2809 524 2885 hospitia
546 2807 629 2865 modo
653 2823 721 2863 cum
745 2805 917 2881 primoribus
941 2823 1041 2862 eorum
1070 2804 1121 2862 sed

176 2885 330 2946 affinitates
351 2907 466 2964 quoque
484 2888 643 2964 jungebat:
664 2885 788 2944 Octavio
806 2885 937 2943 Mamilio
951 2884 1121 2943 Tusculano

174 2966 241 3022 -is
255 2966 339 3043 longe
353 2967 487 3044 princeps
501 2965 599 3024 Latini
613 2965 737 3023 nominis
750 2975 821 3036 erat,
832 2967 856 3022 si
871 2964 1133 3036 famaecredimus,‘

148 3083 153 3092 ,
175 3046 213 3102 ab
222 3043 310 3104 Ulixe
319 3060 430 3122 deaque
440 3046 528 3104 Circa
537 3045 745 3102 oriundus-—ei
756 3044 887 3102 Mamilio
895 3045 987 3103 filiam
997 3056 1120 3122 nuptum

175 3123 233 3195 dat,
251 3143 322 3202 perq
334 3144 360 3184 re
379 3145 429 3184 eas
449 3126 566 3202 nuptias
588 3124 693 3183 multos
717 3125 772 3182 sibi
794 3134 931 3202 cognatos
954 3126 1120 3200 amicosque
1132 3128 1170 3182 35

175 3203 241 3280 ejus
255 3205 400 3262 conciliat.

216 3282 298 3342 Llll.
320 3283 396 3354 Nec,
412 3292 444 3341 ut
458 3283 583 3360 injustus
597 3283 627 3340 in
641 3301 714 3360 pace
725 3301 787 3353 rex,
802 3282 843 3340 ita
856 3281 915 3338 dux
930 3281 997 3338 belli
1011 3300 1121 3357 pravus

176 3359 248 3420 fuit:
269 3363 340 3438 quin
355 3381 391 3420 ea
405 3372 466 3420 arte
481 3372 623 3438 aequasset
636 3363 802 3440 superiores
814 3379 906 3437 reges,
918 3361 950 3416 ni
963 3359 1119 3436 degenera-

176 3452 238 3498 tum
265 3443 296 3498 in
311 3442 395 3510 ¹aliis¹
408 3443 477 3500 huic
491 3461 605 3518 quoque
630 3441 728 3499 decori
751 3439 903 3497 obiecisset.
954 3437 983 3495 Is
1010 3439 1121 3514 primus

179 3520 295 3579 Volscis
314 3519 423 3578 bellum
448 3522 478 3578 in
500 3521 639 3578 ducentos
664 3519 790 3596 amplius
812 3527 875 3594 post
896 3535 981 3574 suam
1006 3521 1170 3576 aetatem40

176 3618 265 3657 annos
279 3601 378 3668 movit,
393 3600 588 3677 Suessamque
603 3600 762 3658 Pometiam
776 3617 812 3655 ex
831 3597 875 3653 his
889 3597 919 3652 vi
934 3597 1020 3672 cepit.
1062 3596 1121 3655 Ubi

175 3695 244 3736 cum
253 3678 401 3737 divendita
415 3681 511 3756 praeda
521 3678 832 3756 quadragintatalenta
841 3677 952 3752 argenti
962 3676 1120 3748 refecisset,

176 3759 309 3835 concepit
319 3759 415 3816 animo
428 3778 494 3818 eam
504 3758 723 3835 amplitudinem
736 3756 816 3815 lovis
829 3756 939 3832 templi,
954 3774 1020 3831 quae
1033 3755 1122 3833 digna

175 3835 261 3896 deirm
274 3837 482 3916 hominumque
496 3857 575 3916 rege,
586 3856 653 3914 quae
664 3836 795 3894 Romano
809 3835 939 3911 imperio,
950 3854 1017 3912 quae
1030 3835 1121 3910 ipsius
