2717 4292
202 303 262 368 186
620 327 679 368 rm
700 327 773 366 armi

248 466 289 528 ut,
304 457 417 515 deserta
431 455 523 527 Italia,
539 456 575 514 ad
597 475 700 534 regum
715 455 840 532 aliquem
857 455 1060 533 transfugiant.
1102 455 1192 525 Quod

247 537 366 606 malum,
382 547 576 614 praeterquam
589 547 680 606 atrox,
695 554 782 612 super
801 545 841 593 tot
861 535 961 594 clades
973 537 1062 593 etiam
1081 554 1192 597 novum

246 633 316 674 cum
329 626 443 692 stupore
464 635 500 674 ac
517 614 659 673 miraculo
682 613 806 692 torpidos
819 613 973 684 defixisset,
987 615 1040 691 qui
1060 616 1188 688 aderant,
1271 655 1275 662 ·

245 703 276 752 ct
298 696 452 752 consilium
466 694 665 752 advocandum
688 693 724 751 de
745 713 779 752 eo
792 704 953 764 censerent,
967 703 1055 772 negat
1076 695 1191 754 consilii

217 773 309 830 brem
322 793 386 832 esse
400 774 497 850 Scipio
513 774 639 850 juvenis,
652 773 748 832 fatalis
762 773 821 830 dux
835 772 958 848 hujusce
972 772 1059 830 belli:
1081 773 1192 832 auden·

246 852 317 910 dum
330 864 418 930 atque
432 853 586 930 egendum,
600 871 657 910 non
674 851 897 910 consultandum
911 853 951 909 ait
970 852 1001 908 in
1020 861 1099 909 tanto
1113 853 1191 912 malo

246 949 328 990 esse:
359 934 435 989 irent
454 951 557 990 secum
579 931 723 1009 extemplo
747 931 859 1000 armati,
882 931 933 1006 qui
957 931 1189 1008 rempublicam

246 1010 359 1068 salvam
373 1011 495 1068 vellent:
516 1009 598 1067 nullo
610 1010 674 1067 loco
688 1011 796 1078 verine,
807 1028 896 1086 quam
907 1010 956 1067 ubi
970 1029 1006 1066 ea
1016 1010 1188 1086 cogitentur,

246 1088 372 1147 bostium
394 1100 491 1146 casua
514 1108 589 1146 esse.
630 1088 732 1165 Pergit
752 1088 804 1158 ire,
825 1087 1018 1164 sequentibus,
1032 1089 1145 1164 paucis,
1158 1089 1190 1147 in

199 1167 237 1223 1⁰
245 1167 400 1243 hospitium
422 1167 552 1240 Metelli3
582 1177 620 1235 et,
643 1185 714 1225 cum
737 1167 895 1225 concilium
918 1167 959 1224 ibi
977 1167 1131 1243 juvenum,
1153 1166 1188 1226 dc

244 1245 351 1322 quibus
371 1244 492 1304 allatum
512 1254 583 1316 erat,
597 1245 762 1315 invenisset,
784 1246 883 1304 stricto
896 1263 984 1322 super
1004 1247 1099 1322 capita
1121 1265 1188 1304 con-

244 1323 415 1382 sultantium
428 1324 533 1402 gladio,
548 1331 613 1382 “ex
634 1326 691 1382 mei
713 1325 802 1382 aninri
822 1322 994 1394 sententia‚''
1009 1325 1112 1400 inquit,
1128 1331 1148 1361 ‘⁶
1157 1335 1189 1382 ut

245 1421 301 1479 ego
323 1403 553 1479 rempublicam
579 1403 676 1480 populi
700 1403 824 1462 Romani
848 1422 905 1460 non
929 1403 1070 1473 deseram,
1092 1422 1189 1480 neque

246 1481 337 1539 alium
357 1483 453 1540 civem
475 1483 640 1540 Romanum
659 1481 794 1540 deserere
814 1483 926 1558 patiar:
946 1483 972 1539 si
991 1483 1087 1539 sciens
1109 1481 1188 1552 sallo,

199 1561 236 1616 lb
246 1570 309 1619 tum
323 1579 378 1632 me,
393 1561 526 1638 Juppiter
537 1562 643 1637 optime
658 1562 793 1630 maxime,
808 1561 933 1630 domum,
949 1559 1097 1629 familiam,
1113 1579 1188 1618 rem·

245 1659 303 1715 que
316 1659 412 1697 meam
426 1641 549 1716 pessimo
562 1641 619 1697 leto
633 1639 753 1697 afficias.
784 1639 819 1697 In
833 1640 895 1696 haec
909 1639 1007 1708 verbe,
1023 1638 1059 1697 L.
1075 1639 1188 1710 Caecili,

242 1719 326 1794 jures
338 1718 451 1793 postulo
463 1719 620 1792 ceterique,
634 1719 686 1793 qui
700 1718 822 1776 adestis:
843 1718 894 1794 qui
914 1737 971 1776 non
990 1717 1142 1794 juraverit,
1158 1719 1189 1776 in

245 1815 277 1852 se
290 1796 369 1854 hunc
382 1796 513 1872 gladium
526 1798 659 1854 strictum
672 1815 736 1854 esse
750 1797 812 1854 scia
825 1797 856 1854 .'’
878 1796 966 1855 Haud
980 1815 1066 1855 secus
1080 1796 1188 1873 pavidi,

244 1876 377 1951 quamsi
398 1876 538 1932 victorem
558 1873 756 1933 Hannibalem
775 1884 936 1944 cernerent,
958 1876 1057 1951 jurant
1077 1895 1188 1947 omnes,

196 1953 501 2030 2Ocustodiend0sque
521 1963 611 2012 semet
630 1955 706 2031 ipsos
727 1954 855 2030 Scipioni
869 1954 995 2013 tradunt.
1037 1953 1120 2013 LIV.
1143 1953 1190 2013 Eo

245 2042 382 2111 tempore,
396 2052 454 2109 quo
468 2033 531 2092 haec
544 2033 664 2091 Canusii
678 2033 847 2110 agebantur,
857 2033 1020 2091 Venusiam
1033 2032 1070 2090 ad
1083 2053 1187 2092 consu-

245 2110 305 2169 lem
325 2112 361 2169 ad
383 2121 520 2189 quattuor
542 2112 635 2171 millia
656 2123 686 2170 et
706 2113 857 2190 quingenti
880 2113 988 2189 pedites
1009 2113 1188 2248 mitesque,

244 2191 296 2264 qui
309 2191 402 2265 sparsi
416 2190 487 2267 fuga
500 2209 552 2266 per
566 2209 650 2268 agros
667 2190 790 2261 fuerant,
805 2209 973 2268 pervenere.
1087 2211 1189 2250 omnes

246 2267 389 2324 Venusini
413 2287 466 2345 per
488 2269 613 2326 familias
633 2271 758 2346 benigne
779 2270 961 2348 accipiendos
985 2269 1188 2346 curandosque

174 2345 313 2403 >ascum
334 2346 505 2417 divisissent,
526 2349 557 2405 in
577 2348 707 2425 singulos
731 2350 842 2425 equites
863 2358 945 2424 togas
968 2357 997 2406 et
1019 2350 1136 2407 tunicas
1160 2359 1189 2407 et

244 2425 430 2502 quadrigatos
450 2445 584 2484 nummos
607 2427 710 2503 quinos
734 2429 852 2486 vicenos
875 2437 904 2484 et
928 2427 1015 2504 pediti
1039 2427 1136 2498 denae,
1161 2437 1189 2486 et

245 2521 335 2574 arma,
356 2505 462 2581 quibus
483 2504 611 2576 deerant,
632 2505 783 2564 dederunt.
825 2505 988 2583 (lateraque
1012 2505 1129 2583 publice
1153 2527 1189 2565 ac

245 2584 380 2661 privatim
407 2584 585 2661 hospitaliter
613 2585 698 2655 facta,
721 2595 931 2662 certatumque,
954 2603 991 2642 ne
1019 2605 1037 2642 a
1064 2586 1189 2643 muliere

245 2662 395 2721 Canusina
421 2665 545 2740 populus
572 2663 742 2722 Venusinus
768 2663 871 2722 officiis
898 2664 1072 2722 vinceretur,
1129 2663 1187 2721 Sed

196 2743 366 2818 wgravius
385 2760 458 2799 onus
478 2743 565 2800 Busae
585 2743 738 2801 multitudo
759 2741 892 2812 faciebat,
907 2752 935 2800 et
952 2742 1014 2819 jam
1029 2741 1066 2800 ad
1086 2741 1189 2800 decem

245 2821 338 2877 millia
359 2821 507 2877 homiuum
531 2833 630 2878 erant:
662 2821 834 2898 Appiusque
858 2831 887 2879 et
906 2821 1012 2898 Scipio,
1037 2831 1188 2898 postquam

245 2897 420 2954 incolumem
443 2917 508 2956 esse
529 2900 653 2957 alterum
673 2895 823 2958 consulem
845 2910 1029 2977 acceperuut,
1051 2902 1189 2957 nuntium

244 2974 388 3052 extemplo
414 2977 538 3047 mittunt,
566 2989 684 3054 quantae
709 2997 810 3036 secum
837 2979 965 3056 peditum
998 2980 1188 3056 equitumque

245 3054 337 3129 copiae
359 3063 463 3123 essent,
485 3057 722 3135 sciscitatumque
744 3058 841 3128 simul,
866 3067 1002 3116 utrumne
1024 3056 1188 3116 Venusiam

197 3135 235 3191 85
246 3130 351 3190 adduci
365 3134 527 3192 exercitum
540 3153 578 3193 an
592 3155 710 3194 manere
721 3136 837 3214 juberet
850 3134 981 3195 Canusii.
1015 3133 1112 3195 Varro
1126 3139 1188 3214 ipsc

245 3212 406 3270 Canusium
427 3214 524 3289 copias
544 3214 688 3274 traduxit:
710 3225 739 3273 et
758 3215 819 3292 jam
837 3215 935 3292 aliqua
959 3216 1071 3293 species
1084 3235 1188 3275 consu·

245 3291 316 3348 laris
329 3292 474 3351 exercitus
488 3303 559 3364 erat,
574 3295 775 3370 moenibusque
789 3313 820 3352 se
834 3305 912 3353 certe
927 3295 963 3366 ei,
978 3296 1074 3353 sinon
1088 3296 1187 3363 armis,

247 3371 283 3428 ab
297 3371 376 3429 hoste
390 3372 563 3431 videbantur
575 3371 733 3432 defensuri.

286 3449 420 3521 Romam,
447 3469 484 3508 ne
512 3452 564 3510 has
591 3452 707 3528 quidem
735 3453 874 3530 reliquias
900 3471 1051 3531 superesse
1079 3453 1189 3510 civium

201 3531 237 3586 to
246 3529 457 3605 sociorumque,
466 3531 517 3588 sed
524 3532 672 3590 occidione
681 3533 809 3589 occisum
819 3550 887 3590 cum
901 3531 1012 3590 duobus
1019 3531 1190 3589 consulibus

246 3608 407 3663 exercitum
420 3607 586 3685 deletasque
599 3629 699 3668 omnes
710 3612 815 3686 copias,
832 3611 953 3668 allatum
967 3609 1071 3668 fuerat.
1104 3609 1190 3668 Nun-

246 3699 343 3755 quam,
353 3683 435 3741 salva
445 3687 526 3756 urbe,
537 3697 649 3744 tantum
662 3689 777 3764 pavoris
785 3688 983 3764 tumultusque
994 3689 1071 3746 iutra
1080 3691 1191 3747 muenia

247 3758 380 3816 Romana
393 3760 457 3818 fuit.
499 3763 600 3840 ltaque
614 3766 804 3824 succumbam
818 3767 908 3836 oneri,
923 3786 1018 3842 neque
1032 3766 1191 3844 aggrediar

246 3851 376 3905 narrare,
385 3857 452 3914 quae
465 3839 660 3900 edissertando
673 3845 784 3902 minora
798 3864 868 3904 vero
882 3844 1037 3904 faciebant.
1059 3845 1191 3906 Consule
