2717 4292
222 315 262 376 98
637 322 694 363 r1r1
715 322 790 363 atvtt

311 454 349 513 V.
372 454 509 514 Ceterum
523 472 557 512 ex
573 472 631 530 quo
645 452 692 511 die
705 451 765 511 dux
779 462 823 511 est
842 451 1017 523 declaratus,
1037 451 1118 512 velut
1131 450 1216 512 Italia

270 534 298 593 ei
325 534 474 611 provincia
501 533 627 603 decreta,
656 532 823 609 bellumque
854 531 1020 589 Romanum
1047 531 1217 594 mandatum

269 622 353 684 esset,
368 614 440 672 nibil
463 612 665 690 prolatandum
685 621 774 682 ratus,
794 629 830 670 ne
851 630 883 669 se
903 628 1028 688 quoque,
1050 620 1083 669 ut
1104 623 1214 687 patrem

269 690 478 763 Hamilcarem,
497 690 599 749 deinde
621 690 846 760 Hasdrubalem,
861 700 1047 748 cunctantem
1062 708 1150 748 casus
1163 690 1214 748 ali·

240 772 335 848 bquis
346 772 527 850 opprimeret,
537 770 707 848 Saguntinis
721 769 828 828 inferre
844 770 952 827 bellum
966 770 1075 827 statuit.
1098 768 1215 835 Quibus

245 874 259 897 ο
268 851 468 929 oppugnandis
481 851 548 927 quia
564 849 642 907 haud
663 848 750 907 dubie
764 848 897 907 Romana
911 866 994 906 arma
1014 848 1212 920 movebantur,

268 930 299 987 in
314 928 459 988 Olcadum
479 930 559 1007 prius
579 928 770 986 fines-ultra
792 927 908 986 Iberum
928 946 965 986 ea
985 947 1058 1006 gens
1077 929 1107 985 in
1132 938 1213 1005 parto

268 1010 363 1087 magis
381 1028 470 1086 quam
494 1010 525 1065 in
552 1008 658 1067 ditione
688 1007 973 1085 Carthaginiensium
997 1007 1216 1066 erat-induxit

268 1089 438 1158 exercitum,
462 1098 495 1147 ut
517 1106 574 1145 non
598 1087 704 1164 petisse
723 1086 908 1164 Saguntinos,
929 1085 981 1144 sed
1004 1104 1104 1145 rerum
1126 1088 1212 1158 serie,

223 1172 258 1227 10
268 1165 397 1225 finitimis
410 1167 524 1226 domitis
536 1167 671 1245 gentibus
689 1165 904 1243 jungendoque,
927 1175 1038 1224 tractus
1053 1165 1089 1223 ad
1103 1165 1132 1224 id
1153 1166 1212 1224 bel-

204 1260 205 1263 ’
267 1244 330 1303 lum
354 1246 455 1314 videri,
468 1255 571 1323 posset.
613 1246 772 1316 Cartalam,
798 1246 900 1303 urbem
923 1245 1099 1322 opulentam,
1124 1256 1213 1322 eaput

267 1325 362 1401 gentis
382 1325 455 1401 ejus,
470 1334 618 1404 expugnat
637 1325 800 1402 diripitque,
821 1343 880 1401 quo
900 1335 978 1383 metu
990 1324 1147 1401 perculsae
1159 1324 1212 1381 mi·

267 1421 352 1462 nores
382 1406 524 1475 civitates,
545 1404 686 1483 stipendio
714 1404 853 1480 imposito,
876 1404 1031 1482 imperium
1052 1422 1211 1480 accepere:

267 1482 360 1541 victor
373 1484 520 1543 exercitus
533 1479 743 1561 opulentusque
764 1482 862 1560 praeda
881 1483 1089 1561 Carthaginem
1106 1501 1213 1541 novam

219 1561 297 1624 lain
319 1563 442 1622 hiberna
464 1573 508 1622 est
529 1562 681 1621 deductus.
731 1562 775 1621 lbi
796 1561 880 1639 large
903 1562 1052 1640 partiendo
1073 1562 1212 1639 praedam,

266 1642 464 1720 stipendioque
478 1642 621 1719 praeterito
635 1660 704 1699 cum
718 1641 775 1700 lide
786 1642 960 1700 exsolvendo
973 1642 1088 1700 cunctis
1101 1642 1213 1699 civium
1311 1686 1317 1693 .

266 1721 467 1797 sociorumque
482 1721 586 1779 animis
598 1722 630 1778 in
640 1740 671 1778 se
686 1721 817 1792 firmatis,
829 1739 898 1779 vere
911 1720 1004 1799 primo
1017 1721 1048 1777 in
1059 1719 1212 1779 Vaccaeos

266 1810 426 1875 promotum
440 1799 560 1858 bellum.
589 1799 790 1858 Hermandica
803 1810 832 1859 et
845 1800 994 1858 Arbocala
1008 1818 1109 1858 eorum
1123 1800 1212 1859 urbes

177 1938 180 1942 ,
265 1877 296 1935 vi
310 1887 411 1955 captae.
443 1879 592 1937 Arbocala
605 1889 633 1937 et
643 1879 749 1937 virtute
764 1889 792 1937 et
806 1880 990 1937 multitudine
1003 1879 1212 1957 oppidanorum

217 1962 255 2019 20
265 1956 316 2015 diu
330 1956 458 2016 defensa.
481 1959 531 2017 Ab
542 1958 740 2017 Hermandica
753 1957 877 2036 profugi,
889 1959 1040 2017 exsulibus
1055 1957 1210 2030 Olcadum,

264 2038 399 2115 -priore
414 2046 511 2096 testate
525 2038 639 2097 domitae
658 2038 862 2115 gentis-cum
875 2058 907 2096 se
926 2038 1098 2114 junxissent,
1113 2039 1210 2097 conci·

264 2125 328 2174 tant
354 2116 540 2194 Carpetanos,
570 2118 719 2193 adortique
746 2117 951 2187 Hannibalem,
979 2136 1146 2195 regressum
1173 2135 1210 2175 ex

209 2211 217 2225 ·
265 2194 502 2266 Vaocaeis,‘haud
523 2196 624 2275 procul
646 2197 731 2273 Tago
751 2198 990 2275 flumine'agmen
1007 2216 1097 2275 grave
1111 2196 1211 2274 praeda

265 2274 431 2333 turbavere.
473 2275 621 2333 Hannibal
645 2276 749 2353 proelio
771 2276 917 2347 abstinuit,
939 2278 1099 2353 castrisque
1121 2294 1211 2352 super

216 2358 255 2413 25
266 2353 359 2429 ripam
379 2355 485 2430 positis,
501 2373 570 2413 cum
590 2355 684 2432 prima
704 2355 788 2430 quies
801 2356 1007 2432 silentiumque
1022 2356 1059 2413 ab
1079 2356 1210 2413 hostibus

266 2430 329 2503 fuit,
345 2452 460 2491 amnem
474 2433 547 2491 vado
560 2434 684 2511 trajecit,
700 2433 834 2511 valloque
848 2435 889 2493 ita
902 2434 1049 2512 producto,
1065 2445 1097 2493 ut
1110 2434 1209 2493 locum

265 2510 302 2569 ad
322 2512 592 2590 transgrediendum
612 2514 708 2572 bostes
728 2514 875 2584 haberent,
903 2513 1041 2573 invadere
1061 2534 1111 2573 eos
1131 2524 1208 2572 tram

264 2602 381 2651 seuntes
406 2594 514 2651 statuit.
557 2593 714 2670 Equitibus
737 2594 882 2671 praecepit,
906 2604 949 2668 ut,
971 2612 1041 2652 cum
1063 2594 1210 2671 ingressos

265 2688 372 2748 aquam
383 2672 521 2743 viderent,
533 2672 724 2731 adorirentur.
757 2672 889 2731 Peditum
901 2692 1006 2751 agmen
1016 2674 1047 2730 in
1063 2674 1135 2750 ripa,
1150 2672 1208 2730 ele·

216 2755 254 2810 30
265 2750 619 2829 phantos-quadraginta
639 2762 737 2810 autem
757 2752 1029 2829 erant-disposuit.
1071 2752 1208 2829 Carpeta-

263 2847 368 2888 norum
376 2849 445 2887 oum
456 2830 663 2907 appendicibus
674 2830 819 2889 Olcadum
830 2830 1080 2908 Vaccaeorumque
1091 2840 1210 2889 centum

264 2907 357 2966 millia
378 2907 470 2980 fuere,
494 2910 603 2967 invicta
624 2910 712 2981 acies,
736 2911 762 2969 si
782 2929 866 2987 aequo
886 2910 1074 2968 dimicaretur
1093 2928 1207 2987 campo.

264 2984 366 3063 Itaque
388 2995 417 3045 et
440 2988 557 3065 ingenio
572 2986 690 3048 'feroces
714 2999 743 3049 et
766 2989 951 3048 multitudine
972 2988 1047 3059 freti,
1066 2994 1105 3071 eb,
1132 2988 1209 3066 quod

264 3073 344 3123 metu
358 3066 480 3125 cessisse
494 3066 650 3126 credebant
673 3068 792 3139 hostem,
807 3068 836 3127 id
857 3069 964 3126 morari
979 3070 1129 3127 victoriam
1143 3068 1208 3138 rati,

216 3146 255 3204 85
264 3144 341 3221 quod
354 3146 506 3205 interesset
522 3148 624 3218 amnis,
640 3148 768 3207 clamore
781 3148 904 3219 sublato,
919 3148 1027 3225 passim
1040 3148 1104 3206 sine
1118 3147 1209 3206 ullius

265 3224 393 3303 imperio,
408 3244 468 3302 qua¹
481 3227 589 3303 cuique
610 3228 773 3303 proximum
786 3238 838 3298 est,
853 3229 883 3285 in
898 3246 1014 3285 amnem
1028 3236 1127 3285 ruunt.
1169 3226 1211 3286 Et

265 3323 301 3362 ex
315 3314 396 3382 parte
412 3305 503 3363 altera
517 3306 587 3383 ripae
597 3308 641 3365 vis
654 3308 758 3384 ingens
766 3309 897 3384 equitum
910 3308 941 3364 in
952 3308 1060 3365 flumen
1069 3306 1207 3377 imnrissa,

266 3383 416 3461 medioque
431 3384 514 3443 alveo
528 3385 753 3463 haudquaquam
774 3388 837 3463 pari
850 3387 1008 3445 certamine
1022 3404 1209 3456 concursum,

264 3464 371 3540 quippe
382 3465 432 3522 ubi
445 3464 532 3541 pedes
540 3465 682 3523 instabilis
695 3485 730 3524 ao
739 3466 788 3524 vix
803 3466 876 3524 vado
889 3465 981 3524 fidens
994 3466 1041 3524 vel
1053 3466 1090 3523 ab
1103 3464 1211 3523 inermi

218 3546 255 3603 to
265 3544 371 3619 equite,
387 3560 461 3620 equo
473 3553 582 3603 temere
601 3554 675 3615 acto,
697 3545 823 3621 perverti
844 3554 946 3622 posset,
969 3564 1067 3621 eques,
1090 3563 1210 3621 corpore

265 3622 412 3698 armisque
432 3622 630 3699 liber,-equo
650 3624 697 3682 vel
718 3642 770 3700 per
790 3624 899 3682 medios
921 3626 1053 3703 gurgites
1073 3623 1211 3681 stabili—

265 3702 428 3760 comminus
441 3702 612 3779 eminusque
626 3721 688 3760 rem
709 3712 834 3780 gereret.
876 3704 949 3761 Pars
961 3722 1069 3781 magna
1089 3703 1211 3761 flumine

266 3777 425 3855 absumpta,
453 3780 580 3855 quidam,
606 3782 746 3841 verticoso
770 3783 848 3840 amni
871 3782 961 3841 delati
984 3783 1016 3840 in
1039 3783 1145 3853 hostes,
1174 3781 1210 3841 ab

266 3854 426 3931 elephantis
452 3859 547 3915 obtriti
574 3870 658 3917 sunt:
677 3862 838 3939 postremi,
866 3860 975 3937 quibus
1002 3880 1153 3939 regressus
1180 3861 1209 3917 in
