2717 4292
528 281 614 324 arasa
635 284 656 323 1.
698 283 763 324 aar.
786 282 827 323 rx.
1133 275 1169 338 11

176 413 276 472 cilium
292 412 488 484 multitudine,
503 432 569 490 quae
583 413 748 472 coalescere
761 414 793 471 in
806 413 904 491 populi
919 415 1006 472 unius
1018 433 1125 492 corpus

174 493 309 551 nulla-re
330 503 435 568 praeter
455 512 544 569 quam
565 493 678 570 legibus
699 503 818 569 poterat,
840 492 910 570 jura
932 493 1027 552 dedit:
1056 512 1124 570 quae

92 622 94 630 ,
175 574 214 630 ita
228 581 332 630 sancta
352 573 455 649 generi
476 572 624 630 hominum
645 572 754 649 agresti
776 571 837 630 fore
857 583 947 642 ratus,
964 573 991 631 si
1010 593 1042 630 se
1061 575 1123 649 ipse

174 651 373 709 venerabilem
387 651 550 728 insignibus
563 652 675 728 imperii
690 650 814 721 fecisset,
829 671 899 708 cum
912 661 1008 710 cetero
1021 653 1122 710 habitu

174 751 205 788 se
220 731 429 807 augustiorem,
444 739 507 788 tum
521 731 646 788 maxime
661 731 812 789 lictoribus
825 729 977 788 duodecim
990 732 1152 808 sumptis,5

174 809 253 868 fecit.
297 809 361 866 Alii
383 810 419 866 ab
432 827 554 867 numero
574 810 685 880 avium,
699 828 766 885 quae
780 810 903 887 augurio
917 828 1040 887 regnum
1058 829 1121 887 por·

174 889 335 958 tenderent,
351 907 419 946 eum
433 898 567 946 secutum
585 907 742 946 nnmerum
762 898 882 965 putant:
903 908 950 947 me
966 889 1044 946 baud
1064 908 1121 966 pre·

175 970 246 1026 uitet
266 986 366 1026 eorum
389 968 537 1025 sententiae
553 987 627 1037 esse,
647 969 754 1045 quibus
774 978 804 1026 et
824 969 1000 1044 apparitores
1020 977 1049 1025 et
1066 969 1122 1026 hoc

89 1091 99 1106 .
174 1067 268 1125 genus
282 1047 319 1104 ab
340 1046 474 1105 Etruscis
487 1046 625 1116 finitimis,
640 1046 717 1105 unde
737 1046 811 1104 sella
824 1047 938 1104 curulis
960 1046 1036 1105 unde
1055 1057 1121 1124 toga

174 1135 315 1203 praetexta
342 1136 457 1202 sumpta
483 1135 536 1196 est,
564 1145 721 1183 numerum
744 1144 859 1202 quoque
883 1127 978 1202 ipsum
1001 1126 1122 1184 ductum
1133 1131 1168 1186 lt]

173 1205 287 1342 placet:
308 1215 338 1263 et
351 1206 391 1262 ita
405 1205 540 1263 habuisse
555 1204 705 1275 Etruscos,
719 1205 795 1282 quod
817 1224 854 1262 ex
868 1205 1020 1264 duodecim
1033 1225 1121 1283 popu-

185 1286 210 1342 is
226 1285 419 1343 communiter
433 1295 530 1342 creato
545 1302 613 1361 rege
624 1285 754 1361 singulos
772 1285 881 1361 singuli
896 1285 993 1361 populi
1006 1285 1123 1345 lictores

175 1363 319 1422 dederint.
359 1362 516 1421 Crescebat
529 1364 646 1420 interim
660 1363 730 1420 urbs
743 1364 949 1421 munitionibus
963 1364 1022 1421 alia
1035 1373 1122 1440 atque

174 1443 235 1501 alia
248 1442 407 1521 appetendo
426 1443 500 1513 loca,
515 1461 584 1500 eum
609 1443 640 1498 in
653 1461 735 1518 spem
748 1443 842 1518 magis
867 1440 973 1499 futurae
993 1443 1121 1500 multitu-

174 1522 259 1592 dinis,
284 1542 374 1599 quam
394 1521 490 1592 adid,
513 1521 589 1597 quod
613 1531 676 1578 tum
697 1521 846 1579 hominum
868 1531 939 1590 erat,
964 1522 1120 1578 munirent.
1133 1523 1170 1579 15

174 1600 297 1672 Deinde,
318 1621 356 1660 ne
370 1619 447 1658 vana
461 1601 541 1659 urbis
555 1600 724 1678 magnitudo
737 1610 821 1669 esset,
836 1599 1006 1676 adjiciendae
1025 1601 1120 1657 multi·

175 1681 283 1738 tudinis
306 1699 405 1749 causa,
427 1690 524 1738 vetere
546 1681 665 1738 consilio
686 1679 870 1737 condentium
893 1680 988 1748 urbes,
1002 1680 1053 1755 qui
1073 1679 1120 1737 cb

173 1779 294 1818 seuram
309 1769 395 1836 atque
408 1760 549 1816 humilem
564 1758 721 1818 conciendo
736 1759 770 1815 ad
786 1779 818 1816 se
831 1758 1055 1828 multitudinem,
1070 1777 1120 1815 na·

173 1850 264 1898 uma
286 1849 364 1897 terra
377 1839 432 1897 sibi
453 1839 561 1915 prolem
582 1839 820 1907 ementiebantur,
842 1839 949 1906 locum,
970 1839 1021 1914 qui
1041 1856 1120 1895 nunc

173 1929 273 1995 septus
288 1917 527 1976 descendentibus
541 1919 616 1975 inter
629 1917 702 1974 duos
721 1917 804 1974 lucos
818 1927 870 1986 est,
886 1917 1001 1991 asylum
1017 1918 1118 1992 aperit.
1130 1921 1170 1975 2⁰

174 1998 220 2056 Eo
234 2017 270 2056 ex
285 1998 414 2055 finitimis
433 1997 546 2074 populis
559 1997 644 2054 turba
658 1997 752 2055 omnis
765 1996 827 2053 sine
841 1996 1121 2053 discrimine-liber

174 2097 212 2134 an
237 2096 341 2135 servus
362 2075 563 2134 esset—avida
586 2093 727 2133 novarum
752 2093 851 2132 rerum
873 2072 1009 2151 perfugit,
1034 2074 1120 2150 idque

174 2158 302 2233 primum
314 2157 350 2214 ad
364 2165 488 2232 coeptam
499 2155 729 2232 magnitudinem
744 2154 853 2212 roboris
868 2153 931 2211 fuit.
971 2152 1047 2212 Cum
1058 2153 1120 2230 jam

174 2237 283 2294 virium
304 2235 382 2293 haud
407 2235 564 2313 paeniteret,
584 2234 739 2292 consilium
762 2233 865 2290 deinde
889 2234 999 2290 viribus
1020 2243 1118 2310 parat:

174 2325 293 2374 centum
313 2324 394 2373 creat
414 2322 569 2384 senatores,
584 2315 645 2371 sive
666 2314 736 2389 quia
760 2314 785 2370 is
799 2331 939 2370 numerus
957 2313 1027 2370 satis
1047 2315 1170 2382 erati-5

174 2396 235 2452 sive
257 2396 328 2470 quia
347 2394 401 2452 soli
423 2403 541 2451 centum
561 2402 652 2462 erant,
677 2394 729 2469 qui
753 2393 847 2450 creari
871 2402 968 2468 patres
988 2401 1119 2466 possent:

175 2487 270 2550 patres
284 2483 364 2532 certe
379 2474 415 2530 ab
428 2473 544 2541 honore,
559 2473 730 2548 patriciique
744 2472 896 2548 progenies
909 2489 1010 2528 eorum
1024 2470 1119 2546 appel-

175 2552 236 2611 lati.
279 2552 332 2611 IX.
353 2551 420 2610 lam
441 2570 488 2609 res
509 2551 642 2608 Romana
656 2550 727 2608 adeo
747 2561 809 2606 erat
830 2549 935 2616 valida,
949 2558 982 2605 ut
1002 2548 1121 2605 cuilibet

176 2633 363 2696 finitimarum
377 2632 528 2689 civitatum
543 2630 618 2687 bello
633 2647 686 2705 par
696 2637 789 2684 esset:
799 2625 862 2682 sed
883 2626 1005 2702 penuria
1018 2624 1120 2681 mulie-

176 2730 241 2768 rum
273 2711 397 2769 hominis
420 2718 534 2768 estatem
562 2707 703 2765 duratura
726 2704 895 2782 magnitudo
918 2712 989 2774 erat,
1014 2703 1170 2779 quippe3tl

175 2791 281 2867 quibus
295 2809 350 2848 nec
365 2789 441 2847 dorni
462 2809 528 2866 spes
551 2788 648 2864 prolis,
663 2805 719 2843 nec
738 2803 807 2843 eum
829 2784 957 2842 finitimis
977 2783 1121 2841 connubia

176 2879 281 2927 essent.
324 2868 403 2926 Tum
416 2888 453 2926 ex
474 2868 593 2926 consilio
607 2876 722 2944 patrum
743 2864 887 2923 Romulus
906 2864 1017 2940 legatos
1039 2863 1120 2920 circa

176 2949 289 3006 vicinas
311 2958 412 3026 gentes
434 2948 520 3017 misit,
535 2948 586 3023 qui
609 2947 775 3004 societatem
799 2943 1033 3019 connubiumque
1047 2961 1122 3000 novo

175 3029 279 3105 populo
308 3037 452 3104 peterent:
486 3028 572 3084 urbes
602 3044 727 3101 quoque,
756 3034 788 3081 ut
821 3034 927 3092 cetera,
956 3042 992 3079 ex
1022 3022 1121 3078 infimo

175 3108 275 3164 nasei:
296 3107 371 3177 dein,
393 3126 466 3182 quas
487 3125 540 3163 sua
561 3106 652 3163 virtus
666 3124 702 3162 ae
722 3104 762 3161 dii
779 3104 890 3180 juvent,
912 3120 1033 3179 magnas
1053 3120 1121 3177 opes
1132 3104 1170 3158 35

176 3186 231 3244 sibi
242 3205 440 3263 magnumque
449 3204 554 3243 nomen
563 3182 675 3242 facere:
695 3185 765 3241 satis
775 3184 859 3252 seire,
869 3182 972 3258 origini
982 3181 1121 3237 Romanae

176 3274 206 3322 et
226 3264 293 3323 deos
314 3264 451 3334 adfuisse,
466 3275 494 3322 et
514 3282 571 3322 non
591 3263 757 3321 defuturam
770 3262 924 3318 virtutem:
946 3259 1064 3335 proinde
1084 3277 1121 3314 ne

176 3352 369 3420 gravarentur
383 3345 512 3402 homines
531 3363 600 3401 eum
616 3341 780 3400 hominibus
793 3340 965 3416 sanguinem
980 3356 1014 3393 ac
1028 3354 1122 3412 genus

177 3423 310 3481 miscere.
343 3423 500 3498 Nusquam
515 3423 638 3500 benigne
652 3421 758 3498 legatio
773 3417 870 3475 audita
884 3426 936 3484 est,
951 3415 1022 3471 adeo
1035 3413 1121 3470 simul

177 3503 360 3578 spernebant,
385 3503 472 3559 simul
499 3511 608 3560 tantam
636 3501 667 3557 in
695 3498 788 3556 medio
814 3503 993 3552 crescentem
1017 3492 1169 3552 molemdtl

177 3581 231 3638 sibi
247 3601 282 3638 aa
296 3582 415 3658 posteris
435 3582 496 3638 suis
509 3581 693 3638 metuebant:
715 3597 751 3634 ac
769 3576 914 3653 plerisque
934 3572 1123 3648 rogitantibus

178 3659 297 3730 dimissi,
323 3660 434 3736 ecquod
462 3659 576 3717 feminis
600 3677 715 3735 quoque
741 3654 857 3731 asylum
882 3651 1070 3728 aperuissent,
1093 3650 1123 3708 id

178 3739 256 3796 enini
270 3740 387 3797 demum
399 3758 518 3815 compar
532 3738 709 3803 connubium
725 3735 794 3793 fore.
843 3731 933 3810 AEgre
948 3732 977 3789 id
991 3730 1124 3789 Romana

180 3819 269 3894 pubes
279 3837 373 3896 passa,
385 3829 414 3877 et
428 3817 505 3877 hand
519 3817 605 3875 dubie
620 3815 656 3873 ad
668 3817 728 3874 vim
741 3824 873 3890 spectare
887 3831 934 3870 res
947 3811 1045 3885 coepit.
1067 3808 1123 3868 cui
