2717 4292
420 356 423 362 ,
482 294 571 336 mart
592 296 613 336 1.
655 296 722 337 car.
737 296 801 338 nx.
1105 288 1145 348 19

137 435 227 502 atque
248 425 371 482 humani
388 423 474 500 juris.
517 425 679 483 Auctorem
699 425 837 484 doctrinae
850 428 924 503 ejus,
944 428 1016 504 quia
1034 434 1093 486 co'n

136 514 233 562 exstat
257 504 343 572 alius,
369 501 443 560 salso
470 503 603 561 Samium
631 504 827 581 Pythagoram
850 506 958 578 edunt3
993 523 1092 582 quem,

137 585 244 641 Servio
256 582 357 640 Tullio
371 592 512 659 regnante
527 582 638 651 Romae,
649 577 908 660 centum'amplius
918 595 981 660 post
990 603 1091 654 mnas,

138 664 170 720 in
186 663 291 718 ultima
312 659 405 718 Italiae
418 679 478 730 ora,
494 661 575 718 circa
595 661 795 737 Metapontum
814 662 1050 738 Heracleamque
1063 673 1093 720 at

138 741 307 808 Crotonem,
329 739 473 814 juvenum
497 739 699 797 aemulantium
719 740 815 798 studia
837 751 934 798 coetus
956 741 1122 800 nabuissc5

138 828 263 878 constat.
306 817 354 875 Ex
378 818 484 893 quibus
507 818 673 876 locis-etsi
694 819 826 895 ejusdem
839 821 933 876 artatis
952 819 1094 878 fuisset—

138 917 208 976 quae
222 897 302 954 fama
323 898 354 953 in
374 897 506 965 Sabinos,
523 907 573 954 aut
593 916 650 973 quo
671 898 783 974 linguae
795 899 979 968 commercio,
992 917 1092 974 quem-

139 977 283 1053 quemad
303 976 491 1051 cupiditatem
511 975 642 1033 discendi
662 978 827 1046 excivisset,
841 996 937 1052 quove
961 977 1093 1053 prmidio

141 1075 221 1112 unus
237 1073 289 1130 per
302 1063 341 1112 tot
362 1064 472 1130 gentes,
487 1054 617 1112 dmsonas
630 1074 764 1114 sermone
783 1056 979 1131 moribusque,
994 1073 1092 1131 perve-

139 1133 257 1190 nisset?
282 1133 392 1208 Suopte
402 1133 492 1209 igitur
505 1133 622 1209 ingenio
632 1143 826 1210 temperatum
839 1136 970 1192 animum
980 1134 1092 1192 virtuti·
1105 1136 1143 1192 1⁰

140 1213 197 1270 bus
212 1211 301 1269 fuisse
316 1212 417 1288 opinor
430 1212 532 1288 magis,
547 1212 780 1288 instructumque
791 1223 918 1270 nontam
932 1213 1094 1289 peregrinis

141 1292 254 1348 artibus
264 1310 354 1367 quam
362 1290 514 1347 discinlina
523 1292 626 1348 tetrica
635 1311 670 1348 ac
678 1293 754 1349 tristi
763 1302 894 1349 veterum
907 1291 1092 1360 Sabinorum,

141 1390 201 1445 quo
223 1389 333 1446 genere
353 1363 469 1426 nullum
489 1368 635 1444 quondam
659 1371 855 1446 incorruptius
876 1369 942 1426 suit.
983 1369 1094 1426 Audito

140 1450 259 1506 nomine
279 1447 310 1506 N
313 1467 398 1517 umae,
413 1457 510 1522 patres
531 1447 666 1518 Romani,
680 1467 859 1525 quamquam
874 1448 1011 1505 inclinari
1024 1467 1093 1524 opes

142 1528 179 1585 ad
194 1528 326 1596 Sabinos,
348 1545 418 1602 rege
438 1526 504 1583 inde
525 1537 648 1602 sumpto,
663 1527 846 1596 videbantur,
866 1537 974 1596 tamen,
995 1544 1091 1600 neque
1105 1530 1143 1584 15

140 1626 173 1664 se
188 1607 352 1682 quisquam,
365 1624 419 1662 nec
435 1603 566 1662 factionis
580 1624 642 1662 suae
656 1606 758 1674 alium,
769 1625 825 1662 nec
839 1605 963 1681 denique
976 1613 1092 1680 patrum

141 1695 194 1742 aut
213 1687 322 1742 civium
345 1703 522 1760 quemquam
543 1682 681 1759 praeferre
701 1684 746 1740 illi
762 1685 824 1742 viro
844 1685 919 1754 ausi,
942 1683 980 1740 cd
1000 1701 1094 1740 unum

139 1783 243 1822 omnes
264 1763 374 1820 Numae
402 1762 541 1838 Pompilio
565 1781 690 1840 regnum
713 1763 902 1820 deserendum
925 1762 974 1820 de·

139 1852 276 1900 cernunt.
319 1842 453 1910 Accitus,
474 1843 550 1898 sicut
571 1841 716 1899 Romulus
736 1853 880 1920 augurato
900 1843 972 1899 urbe
1011 1858 1043 1898 u.
1062 1859 1090 1898 c.

139 1921 292 1980 condenda
313 1939 438 1998 regnum
455 1919 575 1996 adeptus
595 1930 647 1991 est,
661 1921 698 1977 de
718 1941 750 1978 se
769 1941 885 1998 quoque
905 1920 974 1978 deos
1026 1924 1076 1977 39.
1099 1922 1142 1978 2⁰

138 2001 256 2058 consuli
266 2001 364 2076 jussit.
406 1997 476 2056 Inde
498 2000 534 2056 ab
547 2017 670 2076 augure,
693 2001 744 2057 cui
764 1999 867 2056 deinde
885 2001 971 2058 hono·
1011 2017 1044 2056 A.
1062 2017 1090 2056 c.

138 2081 181 2139 ris
206 2098 276 2154 ergo
301 2079 451 2154 publicum
475 2077 504 2134 id
528 2087 758 2154 perpetuumque
779 2078 974 2135 sacerdotium
1021 2080 1090 2134 713.

139 2157 205 2227 fuit,
221 2156 365 2215 deductus
385 2158 416 2212 in
435 2175 543 2226 arcem,
566 2157 597 2212 in
617 2156 744 2233 lapidem
764 2156 800 2214 ad
821 2156 972 2214 meridiem

138 2255 245 2293 versus
272 2234 419 2293 consedit:
452 2253 547 2310 augur
574 2234 611 2291 ad
638 2236 744 2292 laevam
770 2236 844 2311 ejus,
868 2236 963 2312 capite
986 2236 1090 2304 velato,

139 2316 241 2372 sedem
262 2314 349 2390 cepit,
370 2312 471 2370 dextra
495 2333 584 2370 manu
605 2314 744 2371 baculum
767 2316 830 2372 sine
850 2314 924 2372 nodo
943 2314 1091 2372 aduncum
1099 2317 1141 2370 25

139 2403 253 2463 tenens,
268 2412 357 2469 quem
378 2392 484 2449 lituum
498 2393 692 2469 appellarunt.
733 2392 804 2451 Inde
819 2395 878 2463 ubi,
893 2403 1047 2470 prospectu
1060 2394 1091 2449 in

140 2473 245 2529 urbem
261 2490 424 2548 agrumque
439 2480 531 2547 capto,
546 2471 615 2528 deos
628 2481 772 2547 precatus,
787 2474 921 2550 regiones
934 2473 971 2528 ab
981 2473 1091 2528 oriente

141 2551 178 2608 ad
202 2569 345 2607 occasum
368 2549 577 2618 determinavit,
602 2549 719 2606 dextras
746 2549 783 2606 ad
812 2549 964 2606 meridiem
986 2560 1090 2624 partes,

140 2629 233 2688 laevas
258 2629 295 2686 ad
319 2630 551 2704 septemtrionem
573 2647 637 2684 csse
658 2627 739 2696 dixit,
759 2628 876 2702 signum
899 2636 1009 2695 contra,
1033 2645 1092 2701 quo

140 2707 312 2785 longissime
334 2717 520 2783 conspectum
533 2707 613 2764 oculi
627 2703 767 2774 ferebant,
783 2705 878 2762 animo
897 2705 1008 2762 finivit:
1028 2712 1091 2760 tum
1101 2707 1140 2762 30

142 2787 215 2844 lituo
230 2788 260 2843 in
282 2787 386 2843 laevam
404 2805 523 2843 manum
542 2785 691 2855 translato,
706 2784 809 2842 dextra
830 2785 861 2841 in
875 2792 963 2860 caput
982 2783 1092 2842 Numa

142 2867 286 2942 imposita,
312 2875 448 2942 precatus
472 2865 513 2922 ita
536 2874 597 2921 cst:
630 2862 792 2940 “luppiter
816 2874 906 2940 pater,
930 2864 956 2921 si
979 2874 1023 2922 est
1046 2862 1091 2920 fas

142 2946 223 3002 hunc
244 2944 376 3001 Numam
398 2943 580 3019 Pompilium,
602 2943 688 3018 cujus
701 2963 755 3020 ego
768 2953 857 3018 caput
875 2953 968 3014 teneo,
989 2962 1090 3020 regem

143 3024 247 3080 Romae
261 3043 334 3092 esse,
354 3023 397 3080 uti
418 3032 450 3080 tu
463 3023 548 3098 signa
561 3022 643 3079 nobis
657 3033 738 3079 certa
752 3022 925 3080 adclarassis
948 3023 1024 3080 inter
1041 3041 1091 3079 eos

142 3103 226 3170 fineS,
242 3121 314 3178 quos
329 3099 419 3158 feci.''
460 3101 540 3158 Tum
551 3101 661 3178 peregit
674 3101 770 3158 verbis
784 3101 923 3177 auspicia,
937 3121 1003 3178 quae
1016 3101 1090 3158 mitti
1099 3104 1139 3158 ³5

38 3205 42 3212 ·
142 3181 252 3236 vellet:
285 3181 391 3256 quibus
416 3180 520 3248 missis,
542 3178 706 3238 declaratus
727 3199 778 3237 rex
799 3179 902 3237 Numa
923 3180 960 3238 de
983 3180 1091 3256 templo

142 3258 303 3315 descendit.

185 3336 268 3393 XIX.
291 3337 353 3401 Qui
367 3356 456 3412 regno
477 3337 517 3394 ita
531 3336 643 3411 potitus,
659 3337 760 3393 urbem
774 3355 887 3405 novam,
902 3337 1046 3393 conditam
1059 3337 1090 3394 vi

144 3425 172 3472 et
195 3417 293 3483 armis,
305 3416 372 3490 jure
387 3435 451 3471 eam
472 3416 642 3493 legibusque
656 3435 693 3472 ac
707 3415 834 3471 moribus
848 3414 883 3470 de
897 3416 1009 3490 integro
1023 3432 1088 3470 con-

144 3493 214 3550 dere
236 3505 328 3568 parat.
370 3494 486 3558 Quibus
509 3513 577 3552 cum
600 3495 675 3552 inter
695 3494 773 3550 bella
793 3510 960 3548 assuescere
980 3491 1089 3550 videret
1098 3495 1138 3550 40

145 3589 203 3628 non
224 3591 315 3647 posse,
331 3575 436 3649 quippe
450 3572 565 3629 efferari
583 3573 686 3629 militia
700 3573 819 3639 animos,
838 3570 1028 3646 mitigandum
1048 3569 1088 3628 fe·

145 3667 244 3707 mecm
259 3651 397 3726 populum
417 3670 563 3708 armorum
583 3650 881 3709 desuetudincratus.
923 3646 1030 3707 lanum
1050 3652 1088 3708 ad

146 3728 281 3786 infimum
300 3730 477 3806 Argiletum,
493 3729 617 3787 indicem
636 3731 716 3805 pacis
730 3728 865 3803 bellique,
881 3726 957 3799 fecit,
972 3739 1088 3806 apertus

147 3817 179 3866 ut
198 3807 230 3866 in
249 3809 339 3866 amnis
358 3827 423 3866 esse
443 3809 599 3877 civitatem,
621 3808 741 3866 clausus
758 3815 875 3884 pacatos
894 3808 1089 3869 cncaomnos
