2717 4292
494 324 582 365 arnan
596 325 618 365 1.
659 327 724 371 car.
745 326 784 379 vr,
799 327 854 368 vu.
1146 318 1167 378 9

172 455 232 520 VI.
260 452 401 512 Numitor
428 453 504 511 inter
531 456 657 531 primum
681 456 839 514 tumultum
862 457 958 515 hostes
980 458 1122 520 barsam

172 535 276 591 urbem
298 545 386 609 atque
401 531 514 590 adortos
535 536 645 610 regiam
666 535 810 604 dictitans,
825 553 894 593 cum
908 537 1014 613 pubem
1028 537 1120 597 Alba·

170 631 239 671 nam
263 613 294 668 in
316 631 416 669 arcem
437 612 570 687 praesidio
591 615 737 689 armisque
757 614 941 671 obtinendam
961 628 1118 689 nrocaaeet,

169 703 323 768 postquam
335 691 460 766 juvenes
474 700 636 767 perpetrata
650 693 730 749 caede
744 711 866 770 pergere
880 693 916 750 ad
926 713 958 752 se
971 695 1118 772 gratulan-

85 841 91 849 ,
169 781 212 828 tes
225 771 308 839 vidit,
324 769 469 845 extemplo
490 770 628 828 advocato
648 772 781 841 concilio,
795 771 893 828 scelus
912 773 943 829 in
961 793 992 830 se
1011 771 1148 845 fratris,b

167 850 314 926 originem
335 859 481 924 nepotum,
497 858 528 905 ut
542 851 640 925 geniti,
655 860 689 908 ut
701 851 827 921 educati,
842 860 875 908 ut
887 853 994 928 cogniti
1012 864 1117 924 essent,

168 929 282 986 caedem
307 928 444 1003 deinceps
468 929 595 1002 tyranni,
616 949 706 1006 seque
730 930 795 1006 ejus
816 939 965 988 auctorem
985 932 1116 990 ostendit.

168 1006 310 1077 Juvenes‚
334 1025 387 1083 per
411 1006 536 1064 mediam
560 1009 729 1065 concionem
753 1009 870 1086 agmine
893 1009 1026 1085 ingressi,
1048 1029 1118 1068 cum

168 1105 259 1144 avum
275 1105 377 1164 regem
390 1085 574 1155 salutassent,
590 1097 691 1144 secuta
705 1107 742 1145 ex
755 1089 834 1145 omni
852 1087 1037 1146 multitudine
1050 1108 1117 1147 con·

166 1166 297 1224 sentiens
312 1183 368 1222 vox
389 1174 485 1222 ratum
500 1183 604 1224 nomen
625 1167 838 1243 imperiumque
852 1168 916 1243 regi
933 1166 1032 1225 efficit.
1073 1167 1118 1226 lta
1128 1175 1165 1230 1⁰

167 1243 320 1303 Numitori
335 1244 453 1300 Albana
467 1262 498 1301 re
520 1244 670 1320 permissa,
686 1245 845 1303 Romulum
867 1245 1052 1322 Remumque
1065 1265 1116 1304 cu·
1169 1273 1174 1280 ’

166 1323 234 1401 pido
248 1325 335 1399 cepit,
346 1324 377 1379 in
392 1323 436 1380 his
455 1323 535 1392 locis,
551 1323 602 1380 ubi
622 1326 752 1400 expositi,
767 1325 874 1400 ubique
894 1325 1010 1384 educati
1023 1335 1116 1396 erant,

167 1404 249 1460 urbis
264 1401 431 1461 condendae.
474 1401 514 1459 Et
534 1412 686 1478 supererat
699 1403 852 1460 multitudo
864 1404 1046 1461 Albanorum
1059 1402 1116 1462 La-

165 1484 370 1557 tinorumque:
393 1480 428 1538 ad
443 1480 471 1537 id
482 1491 611 1557 pastores
622 1499 737 1557 quoque
751 1484 1005 1558 accesserantqui
1018 1502 1118 1540 omnes

167 1561 256 1619 facile
278 1581 360 1638 spem
382 1558 520 1629 facerent,
536 1578 657 1636 parvam
672 1561 791 1629 Albam,
806 1579 930 1636 parvum
950 1559 1116 1630 Lavinium,
1129 1567 1165 1621 15
1219 1615 1231 1634 ,

166 1659 228 1718 prae
246 1660 284 1697 ea
298 1641 380 1709 urbe,
395 1657 462 1715 quae
475 1635 657 1709 conderbtur,
673 1638 744 1697 fore.
786 1638 944 1697 Intervenit
956 1638 1059 1697 deinde
1072 1639 1118 1698 his

165 1719 391 1796 cogitationibus
418 1717 529 1776 avitum
557 1719 677 1787 malum,
703 1719 785 1794 regni
810 1718 924 1794 cupido,
940 1727 1026 1794 atque
1049 1719 1116 1776 inde

166 1798 281 1857 foedum
299 1809 446 1856 certamen
461 1808 590 1855 coortum
605 1817 623 1855 a
641 1799 711 1854 satis
725 1799 786 1854 miti
802 1798 958 1875 principio:
979 1798 1117 1873 quoniam

164 1879 277 1955 gemini
305 1887 410 1950 essent,
435 1895 491 1934 nec
518 1878 609 1934 aetatis
632 1877 811 1934 verecundia
836 1876 990 1934 discrimen
1019 1876 1115 1935 facere

165 1968 272 2034 posset,
288 1966 320 2014 ut
334 1957 382 2026 dii,
398 1973 522 2032 quorum
536 1956 635 2012 tutelae
648 1974 684 2012 ea
698 1956 764 2012 loca
774 1965 878 2024 essent,
894 1956 1026 2032 auguriis
1039 1955 1115 2032 lege·
1125 1963 1164 2017 2⁰

166 2050 241 2106 rent,
257 2038 308 2112 qui
329 2053 434 2092 nornen
455 2053 537 2091 novar
558 2035 623 2091 urbi
645 2035 735 2104 daret,
755 2035 806 2110 qui
828 2033 971 2091 conditam
995 2035 1116 2110 imperio

166 2126 292 2194 regeret,
309 2115 454 2172 Palatium
474 2112 628 2184 Romulus
644 2113 756 2170 Remus
777 2113 967 2182 Aventinum,
983 2112 1019 2170 ad
1033 2113 1115 2170 inau-

164 2195 343 2272 gurandum,
358 2186 466 2268 templa
480 2194 607 2269 capiunt.
649 2191 717 2250 VII.
740 2192 833 2250 Priori
852 2189 944 2249 Remo
958 2192 1116 2269 augurium

165 2275 283 2332 venisse
299 2273 392 2330 fertur
402 2291 453 2329 sex
468 2272 607 2342 vultures,
617 2271 746 2348 jamque,
757 2270 889 2328 nuntiato
903 2272 1034 2349 augurio,
1045 2290 1114 2328 cum

165 2353 276 2429 duplex
291 2369 432 2408 numerus
443 2350 567 2408 Romulo
581 2371 651 2420 sese¹
659 2350 835 2419 ostendisset,
848 2359 1004 2426 utrumque
1015 2369 1114 2427 regem
1125 2355 1163 2408 25
1194 2393 1198 2400 -

165 2451 221 2490 aua
235 2431 391 2489 multitudo
409 2430 657 2488 consalutaverat:
678 2440 807 2505 tempore
827 2429 871 2485 illi
891 2447 996 2505 praece-

167 2522 224 2588 pto,
237 2522 267 2568 at
281 2512 311 2568 hi
325 2528 446 2567 numero
461 2509 569 2578 avium,
585 2526 708 2585 regnum
721 2508 882 2565 trahebant.
916 2507 994 2575 Inde,
1040 2525 1070 2565 u.
1086 2526 1113 2564 c.

167 2609 236 2649 curn
259 2590 446 2647 altercatione
467 2588 624 2664 congressi,
646 2587 804 2643 certamine
828 2586 940 2641 irarum
961 2584 996 2641 ad
1062 2590 1090 2640 1.

167 2670 279 2727 caedem
301 2678 470 2726 vertuntur:
491 2667 532 2723 ibi
546 2666 576 2721 in
597 2665 683 2721 turba
702 2665 777 2721 ictus
791 2662 902 2719 Remus
922 2663 997 2718 ceci·
1037 2679 1068 2718 A.
1086 2681 1113 2719 c.

168 2747 219 2806 dit.
262 2748 419 2824 Vulgatior
439 2745 517 2804 sama
538 2753 590 2813 est,
608 2743 733 2800 ludibrio
753 2740 850 2798 fratris
871 2740 998 2798 Remum
1043 2744 1163 2801 751.30

159 2846 257 2894 ‚novos
281 2826 463 2884 transiluisse
484 2842 599 2881 muros:
621 2822 688 2880 inde
709 2821 746 2879 ab
766 2822 839 2878 irato
863 2819 996 2890 Romulo,

168 2925 238 2965 cum
249 2907 348 2964 verbis
361 2924 475 2981 quoque
490 2903 666 2978 increpitans
680 2901 832 2978 adjecisset
846 2907 864 2935 “
873 2900 916 2957 sic
930 2899 1041 2971 deinde,
1053 2900 1115 2976 qui·

169 3004 297 3061 cumque
318 2985 394 3042 alius
415 2983 555 3041 transiliet
574 2982 684 3038 moenia
707 2978 804 3050 mea‚''
827 2977 1021 3037 intersectum.
1071 2979 1116 3037 lta

169 3065 249 3122 solus
271 3065 379 3141 potitus
400 3063 521 3139 imperio
544 3059 706 3133 Romulus;
733 3058 847 3116 condita
871 3059 941 3116 urbs
962 3059 1115 3116 conditoris

170 3145 287 3200 nomine
302 3141 456 3219 appellata.
1124 3140 1163 3196 ³5

209 3223 357 3280 Palatium
377 3221 512 3297 primum,
533 3219 563 3275 in
577 3236 634 3295 quo
658 3219 719 3294 ipse
740 3226 803 3274 erat
822 3216 972 3286 educatus,
993 3216 1114 3273 muniit:

170 3320 256 3359 sacra
266 3301 322 3357 diis
337 3300 402 3357 aliis
417 3299 533 3355 Albano
548 3299 614 3367 ritu,
624 3297 730 3355 Graeco
743 3295 868 3354 Herculi
882 3304 914 3352 ut
928 3294 964 3351 ab
978 3293 1116 3351 Evandro

170 3381 302 3437 instituta
315 3389 407 3448 erant,
420 3378 498 3434 facit.
527 3376 687 3434 Herculem
701 3375 779 3431 inea
791 3373 865 3442 loca,
878 3373 1015 3446 Geryone
1028 3372 1115 3427 inter.

171 3468 275 3534 empto,
300 3459 387 3514 boves
408 3458 482 3514 mira
504 3456 599 3531 specie
623 3455 753 3530 abegisse
777 3459 945 3517 memorant,
969 3467 1004 3505 ac
1028 3466 1115 3524 prope

171 3537 305 3595 Tiberim
330 3537 462 3603 fluvium,
487 3552 554 3610 qua,
581 3552 640 3610 prae
662 3553 693 3589 se
715 3539 877 3589 armentum
902 3545 1000 3603 agens,
1021 3525 1163 3589 nandotb

172 3616 337 3692 trajecerat,
360 3615 423 3672 loco
444 3612 570 3683 herbido,
586 3622 617 3669 ut
630 3612 727 3687 quiete
741 3618 770 3666 et
783 3607 889 3684 pabulo
902 3605 966 3663 laeto
984 3605 1116 3663 reficeret

173 3695 270 3764 borea,
285 3704 315 3752 et
337 3695 431 3770 ipsum
452 3692 559 3750 fessum
581 3691 629 3748 via
650 3688 846 3766 procubuisse.
898 3683 941 3742 lbi
963 3703 1030 3742 cum
1050 3703 1117 3740 eum

172 3775 237 3832 cibo
260 3775 385 3849 vinoque
408 3781 562 3849 gravatum
581 3786 664 3844 sopor
687 3765 881 3842 oppressisset,
902 3771 997 3839 pastor
1018 3761 1119 3818 accola

172 3852 238 3932 ejus
260 3853 327 3922 loci,
342 3852 457 3910 nomine
482 3849 587 3918 Cacus,
604 3846 682 3904 ferox
697 3843 815 3912 viribus,
837 3851 939 3917 captus
959 3838 1117 3916 pulchritu-

1152 2502 1163 2532 ὃ
