2717 4292
463 251 550 292 ansa
566 251 641 292 mr.
683 251 748 293 cir.
767 253 815 292 nx.
1079 239 1135 301 191

144 380 222 450 licet,
231 381 284 456 qui
293 399 346 438 vos
358 380 504 456 hospitum
516 399 639 440 numero
652 383 781 458 captivos
793 381 903 452 habuit,
915 400 953 441 an
968 381 1090 442 barbaro

144 479 180 520 ac
199 458 300 529 Poeno,
315 458 366 536 qui
388 470 487 516 utrum
508 461 624 517 avarior
644 479 681 518 an
702 460 848 519 crudelior
861 462 906 530 sit,
922 462 971 519 vix
992 463 1088 520 existi-

143 539 219 596 mari
233 547 335 615 potest.
371 537 404 594 st
419 539 541 596 videatis
554 549 681 609 catenas,
693 540 865 615 squalorem,
878 539 1089 598 deformitatem

143 619 256 677 civium
283 625 457 686 vestrorum,
482 635 539 674 non
567 619 664 675 minus
691 617 818 694 prolecto
842 637 894 676 vos
918 637 954 675 ea
976 621 1089 696 species

143 705 268 766 moveat,
278 714 369 771 quam
382 697 407 752 si
421 715 458 752 ex
472 696 564 754 altera
577 706 658 773 parte
672 698 798 754 cernatis
811 706 916 754 stratas
930 697 1118 758 Cannensi-5

143 775 198 834 bus
210 776 327 851 campis
344 775 474 852 legiones
488 786 609 834 vestras.
650 775 761 834 Intueri
782 777 899 852 potestis
918 777 1087 836 sollicitudi-

142 873 211 911 nem
225 864 254 911 et
268 853 407 911 lacrimas
426 853 458 909 in
477 855 620 911 vestibulo
633 855 725 912 curioe
739 856 877 930 stantium
898 866 1087 932 cognatorum

142 943 308 992 nostrorum
321 933 608 1010 exspectantiumque
618 951 788 1009 responsum
802 944 942 992 vestrum.
975 935 1052 992 Cum
1067 935 1088 992 ii

143 1031 196 1089 pro
210 1012 293 1069 nobis
311 1030 420 1087 proque
443 1011 489 1080 iis,
504 1013 556 1088 qui
577 1013 691 1082 absunt,
706 1013 747 1070 ita
765 1014 898 1090 suspensi
921 1033 956 1070 ac
970 1014 1087 1071 solliciti

142 1092 210 1161 sint,
225 1109 314 1166 quern
334 1090 459 1148 censetis
480 1092 610 1151 animum
623 1092 753 1167 ipsorum
771 1111 843 1162 esse,
858 1111 982 1168 quorum
995 1093 1027 1148 in
1045 1093 1085 1150 di·
1100 1096 1136 1152 10

141 1171 282 1229 scrirnine
297 1168 357 1226 vita
376 1169 553 1244 libertasque
567 1169 633 1227 esti
675 1170 733 1228 Sed
753 1171 866 1228 si—me
881 1171 946 1228 dius
960 1171 1087 1230 fidius-

141 1249 204 1326 ipse
232 1249 265 1305 in
289 1267 341 1305 nos
365 1248 444 1319 mitis
465 1247 614 1306 Hannibal
637 1257 739 1306 contra
760 1259 894 1308 naturam
916 1269 1001 1308 suam
1022 1270 1086 1308 esse

142 1327 223 1398 velit,
242 1326 316 1385 nihil
338 1335 436 1385 tamen
457 1327 540 1384 nobis
561 1328 622 1384 vita
642 1346 715 1402 opus
735 1346 798 1384 esse
819 1346 999 1398 censeamus,
1018 1349 1086 1387 curn

140 1406 265 1482 indigni,
287 1415 320 1463 ut
343 1405 553 1464 redimeremur
576 1425 595 1463 a
618 1406 707 1476 vobis,
731 1407 785 1462 visi
807 1425 918 1464 sumus.
961 1406 1086 1464 Rediera

142 1485 268 1544 Romam
282 1483 428 1562 quondam
448 1484 562 1542 remissi
576 1504 595 1542 a
608 1484 722 1559 Pyrrho
740 1485 802 1542 sine
816 1486 907 1560 pretio
920 1485 1015 1560 capti:
1036 1486 1086 1542 sed
1099 1491 1134 1548 15

141 1564 255 1623 rediere
277 1581 347 1620 cum
366 1563 480 1640 legatis,
496 1563 670 1639 primoribus
691 1564 826 1634 civitatis,
847 1563 884 1620 ad
905 1563 1087 1622 redimendos

140 1663 205 1702 sese
225 1643 333 1700 missis.
374 1642 505 1700 Redeam
525 1661 580 1718 ego
602 1643 633 1699 in
654 1643 787 1720 patriam,
803 1643 939 1700 trecentis
959 1644 1087 1700 nummis

140 1740 198 1780 non
219 1721 378 1779 aestimatus
391 1721 487 1778 cirisi
528 1721 623 1778 Suum
636 1723 759 1798 quisque
781 1721 910 1778 animum
924 1722 1019 1792 habet,
1035 1741 1083 1798 pa-

141 1809 199 1858 tres
221 1801 394 1878 conscripti:
415 1800 476 1857 scio
496 1800 527 1857 in
547 1801 713 1859 discrimine
732 1820 795 1858 esse
814 1801 904 1860 vitam
924 1819 1085 1877 corpusque

139 1899 258 1939 meum:
293 1881 388 1956 magis
414 1875 462 1937 rite
483 1878 569 1937 famae
591 1879 755 1955 periculum
778 1889 881 1950 movet,
903 1898 939 1938 ne
964 1897 983 1936 a
1006 1881 1137 1942 vobisao

140 1957 270 2016 damnati
292 1977 328 2016 ac
349 1957 459 2034 repulsi
479 1958 633 2016 abeamus:
654 1959 842 2035 nequeenim
856 1978 907 2016 vos
927 1958 1018 2034 pretio
1038 1977 1085 2034 pe-

140 2038 270 2115 percisse
284 2036 414 2095 homines
428 2035 580 2095 credent.''
714 2057 720 2066 ·

180 2115 249 2174 LX.
272 2115 331 2174 Ubi
351 2114 478 2173 isfinem
499 2113 576 2184 fecit,
590 2115 735 2191 extemplo
756 2115 791 2172 ab
811 2135 848 2174 ea
867 2116 961 2186 turba,
976 2135 1042 2192 quae
1055 2116 1086 2173 in

140 2195 258 2254 comitio
281 2203 352 2264 erat,
374 2194 484 2252 clamor
506 2193 611 2251 flebilis
632 2204 676 2252 est
701 2195 841 2264 sublatus
863 2214 1025 2271 manusque
1050 2193 1086 2254 ad

140 2274 257 2332 curiam
270 2273 425 2331 tendebant
437 2280 560 2347 orantes,
576 2282 608 2330 ut
621 2274 676 2330 sihi
692 2273 806 2345 liberos,
823 2273 935 2345 fratres,
950 2285 1087 2352 cognatos
1096 2283 1136 2338 25

141 2351 306 2410 redderent.
347 2352 484 2410 Feminae
504 2369 618 2428 quoque
638 2362 733 2410 metus
748 2372 782 2410 ac
803 2354 960 2410 necessitas
974 2354 1005 2410 in
1026 2351 1086 2410 foro

141 2451 178 2489 ac
196 2431 292 2489 turbae
305 2431 433 2488 virorum
454 2431 662 2489 immiscuerat.
704 2431 837 2500 Senatus,
852 2432 991 2488 submotis
1012 2432 1085 2488 arbi-

140 2511 203 2579 tris,
216 2510 331 2567 consuli
345 2518 466 2585 coeptus.
507 2508 552 2566 lbi
565 2527 633 2567 cum
647 2510 797 2567 sententiis
811 2510 982 2578 variaretur,
994 2518 1023 2566 et
1037 2509 1087 2565 alii
1110 2567 1115 2578 ,

142 2587 325 2647 redimendos
338 2588 373 2646 da
387 2588 512 2664 publico,
523 2588 573 2645 alii
587 2587 699 2646 nullam
713 2587 829 2663 publica
842 2588 1003 2662 impensam
1017 2585 1086 2644 faoi-

141 2667 257 2738 endam,
278 2686 334 2725 nec
361 2667 551 2745 prohibendos
578 2685 615 2724 ex
642 2666 753 2743 privato
778 2665 899 2737 redimi3
932 2665 957 2722 si
981 2665 1137 2740 quihus80

24 2741 35 2756 ’
142 2755 299 2824 argentum
319 2747 351 2804 in
364 2746 548 2824 presentiam
560 2744 681 2815 deesset,
696 2743 820 2802 dandam
834 2763 871 2803 ex
885 2744 987 2802 erario
1001 2762 1087 2820 pecu-

142 2825 223 2885 niam
237 2835 378 2894 mutuam,
393 2824 593 2902 praedibusque
615 2843 651 2882 ac
665 2823 778 2900 praediis
792 2823 955 2881 cavendum
975 2823 1087 2900 populo,

143 2913 315 2976 censerent3
337 2914 400 2962 turn
421 2903 460 2961 Τ.
483 2902 612 2960 Manlius
632 2903 808 2980 Torquatus,
823 2903 927 2979 priscae
948 2923 984 2962 ao
1002 2903 1089 2960 nimis

143 2981 234 3052 durae,
250 2992 283 3040 ut
304 2982 449 3059 plerisque
469 2981 610 3053 videatur,
626 2983 797 3052 severitatis,
812 2984 1004 3060 interrogatus
1024 3000 1088 3040 sen-

143 3063 274 3131 tentiam,
288 3063 330 3118 ita
343 3061 459 3120 locutus
479 3059 589 3119 fertur:
612 3061 665 3118 “si
684 3062 882 3120 tantummodo
896 3063 1087 3139 postulassent
1099 3067 1137 3124 85

143 3140 234 3217 legati
248 3158 301 3216 pro
314 3140 359 3210 iis,
373 3140 469 3218 quiin
487 3139 612 3198 hostium
625 3150 764 3218 potestate
778 3150 853 3212 sunt,
869 3151 900 3200 ut
914 3141 1088 3198 redimeren-

144 3228 201 3289 tur,
216 3218 280 3276 sine
294 3218 386 3276 ullius
405 3219 594 3277 insectatione
607 3239 708 3278 eorum
728 3211 811 3277 brevi
825 3220 994 3277 sententiam
1009 3238 1089 3293 pere-

143 3299 267 3376 gissem?
315 3297 396 3364 Quid
417 3298 496 3356 enim
518 3296 597 3356 aliud
621 3317 710 3374 quarn
733 3289 903 3356 admonendi
928 3297 1037 3366 essetis,
1058 3306 1090 3354 ut

143 3395 256 3434 morem
276 3377 414 3436 traditum
435 3397 453 3434 a
473 3377 603 3455 patribus
622 3377 788 3434 necessario
802 3375 920 3454 adrem
935 3374 1089 3432 militarem

143 3455 278 3532 exemplo
302 3456 482 3517 servaretisl
523 3455 614 3514 Nunc
639 3465 836 3526 autemeam
860 3472 948 3531 prope
975 3452 1089 3530 gloriati
1100 3459 1138 3514 40

143 3535 211 3602 sint,
225 3533 303 3611 quod
320 3555 353 3593 se
378 3534 506 3593 hostibus
527 3533 696 3604 dediderint,
712 3533 899 3610 praeferrique
920 3551 976 3590 non
998 3533 1090 3609 captis
1132 3545 1138 3552 ·
1177 3573 1182 3582 -

143 3611 228 3670 modo
251 3613 283 3670 in
306 3615 369 3673 acie
392 3615 429 3672 ab
451 3614 588 3683 hostibus,
609 3613 659 3671 sed
682 3613 769 3670 etiam
791 3611 835 3680 iis,
857 3613 908 3688 qui
927 3611 1091 3669 Venusiam

143 3688 367 3771 Canusiumque
380 3701 585 3771 pervenerunt,
596 3702 683 3768 atque
698 3691 751 3768 ipsi
766 3690 800 3750 C.
816 3691 954 3750 Terentio
968 3689 1089 3761 consuli,

143 3787 264 3850 aequum
277 3773 454 3844 censuerint,
464 3771 536 3832 nihil
550 3789 602 3830 vos
613 3789 725 3842 eorum,
736 3779 833 3848 patres
846 3769 1010 3849 conscripti,
1024 3787 1090 3847 qun
