2717 4292
199 277 260 342 190
611 287 670 330 riri
690 286 764 328 mvn

246 420 382 491 Quorum
402 419 538 496 princeps
552 416 594 476 Μ.
609 416 727 487 Junius,
743 423 867 494 “patres
883 415 1072 494 conseripti,''
1088 415 1196 493 iuquit,

248 506 360 559 “natm
381 507 513 556 nostrum
535 498 659 573 ignoret,
682 497 757 556 nulli
782 515 911 571 unquam
934 496 1048 554 civitati
1073 494 1197 554 viliores

247 577 337 636 fuisse
359 578 489 653 captivos
509 594 599 652 quam
619 586 736 633 nostrie.
777 575 923 643 Ceterum,
945 575 1002 632 nisi
1022 575 1105 632 nobis
1125 574 1196 650 plus

244 657 324 734 justo
336 668 435 714 nostra
454 656 550 731 placet
569 672 671 724 eausa,
687 672 743 711 non
763 654 813 711 alii
833 672 961 728 unquam
983 654 1080 710 minus
1099 653 1209 730 neglis

219 736 335 814 ,regendi
356 735 438 792 vobis
458 753 548 809 quam
570 752 623 792 nos
646 735 677 790 in
700 733 826 790 hostium
849 741 1018 808 potestatem
1036 742 1194 790 venerunt.

247 814 318 873 Non
337 816 418 872 enim
437 815 468 870 in
488 814 552 870 acie
572 813 777 889 pertimerem
804 827 888 868 arma
907 809 1099 883 tradidimus3
1130 811 1183 867 sed

248 912 319 954 cum
333 911 420 969 prope
434 891 471 949 ad
491 901 606 949 noctem
617 899 815 966 superstantes
830 889 957 947 cumulis
971 907 1113 946 caesorum
1127 907 1192 947 eor·
1251 909 1253 914 ¹

249 991 353 1049 porum
373 972 510 1048 proelium
529 980 765 1037 extraxissemus,
780 969 810 1024 in
825 977 921 1026 cestra
943 969 1106 1043 recepimus
1119 985 1192 1040 nos3

248 1051 308 1108 diei
335 1051 481 1125 reliquum
505 1068 540 1107 ac
562 1059 676 1106 noctem
704 1049 904 1122 insequentem
931 1044 999 1104 fessi
1029 1047 1127 1104 labore
1156 1065 1192 1106 ao

201 1139 238 1196 ιο
249 1129 419 1186 vulneribus
430 1128 541 1185 vallum
553 1146 656 1186 sumus
669 1127 772 1198 tuteti3
793 1136 905 1203 postero
915 1124 971 1196 die,
983 1144 1053 1184 eum
1066 1127 1193 1183 circum·

247 1207 320 1266 sessi
341 1207 378 1264 ab
398 1208 530 1264 exercitu
551 1208 659 1264 victore
683 1224 759 1281 aqua
780 1223 958 1274 arceremur,
973 1223 1029 1262 nec
1051 1205 1112 1262 ulla
1129 1204 1194 1280 jam

248 1303 301 1362 per
313 1285 457 1344 confertos
477 1285 573 1344 hostes
585 1283 755 1362 erumpendi
775 1303 841 1360 spes
855 1293 940 1352 esset,
955 1302 1011 1342 nec
1032 1303 1096 1340 esse
1109 1281 1195 1342 nefas

248 1363 433 1434 duceremus,
441 1365 653 1440 quinquaginta
667 1364 796 1421 millibus
807 1363 955 1420 hominum
969 1381 1006 1420 ex
1017 1362 1082 1420 acie
1095 1372 1195 1420 nostra

248 1442 402 1502 trucidatis
415 1443 545 1518 aliquem
558 1460 596 1501 ex
614 1442 762 1500 Cannensi
776 1460 874 1518 pugna
888 1441 1054 1499 Romanum
1071 1441 1195 1498 militem

104 1519 108 1529 ’
201 1532 370 1592 lateatne,
384 1531 456 1580 tuuc
475 1521 593 1580 demum
612 1522 691 1598 pacti
711 1539 813 1581 sumus
833 1521 959 1597 pretium
978 1539 1036 1595 quo
1051 1519 1194 1596 rede'mpti

249 1599 468 1670 dimitteremur,
483 1619 575 1669 arma,
587 1600 738 1676 inquibus
751 1599 827 1656 nibil
838 1599 900 1675 jam
915 1599 1018 1656 auxilii
1031 1606 1103 1669 erat,
1118 1598 1195 1658 hosti

248 1678 430 1738 tradidimus.
472 1678 600 1754 Majores
625 1697 743 1754 qnoque
768 1696 974 1754 acceperamus
997 1697 1028 1735 se
1054 1697 1071 1734 a
1097 1677 1195 1738 Gallis

249 1775 321 1813 auro
335 1757 501 1825 redemisse,
514 1767 545 1812 et
559 1766 655 1832 patres
670 1768 787 1826 vestros,
804 1757 976 1832 asperrimos
990 1756 1055 1814 illos
1075 1755 1113 1812 ad
1126 1775 1195 1815 con·

249 1833 385 1892 ditionem
405 1835 495 1910 pacis,
509 1834 621 1911 legatos
640 1843 737 1892 tamen
758 1837 940 1912 captivorum
961 1835 1196 1893 redimendorum

199 1924 240 1980 20
249 1913 344 1990 gratia
357 1913 519 1972 Tarentum
533 1914 656 1970 misisse.
698 1914 787 1989 Atqui
808 1923 837 1972 et
852 1913 888 1972 ad
902 1914 1004 1972 Aliam
1014 1932 1084 1971 cum
1099 1914 1196 1972 Gallis

249 1992 329 2050 etad
343 1991 522 2050 Heracleam
542 2011 611 2050 cum
624 1992 747 2067 Pyrrho,
763 2002 886 2068 utraque
907 2011 964 2049 non
978 2003 1038 2049 tam
1052 1991 1138 2050 clade
1152 1993 1195 2049 in-

250 2070 335 2129 samis
347 2091 437 2147 quam
447 2090 552 2147 pavore
563 2080 591 2129 et
603 2069 674 2148 suga
684 2090 782 2150 pugna
796 2070 861 2129 fuit.
893 2070 1063 2128 Cannenses
1076 2089 1195 2148 campos

249 2151 349 2208 acervi
371 2150 569 2208 Romanorum
592 2169 746 2226 corporum
771 2159 895 2226 tegunta
921 2169 976 2208 nec
1001 2169 1196 2228 supersumus

249 2245 364 2304 pugnae,
378 2228 435 2286 nisi
455 2229 487 2284 in
506 2229 613 2303 quibus
626 2228 806 2286 trucidandis
820 2239 850 2286 et
870 2228 981 2286 serrum
1001 2239 1030 2288 et
1050 2229 1131 2286 vires
1144 2229 1194 2286 ho·

199 2315 239 2370 26
248 2313 323 2362 stem
335 2303 517 2363 defecerunt.
559 2306 634 2364 Sunt
647 2308 736 2364 etiam
754 2308 789 2366 de
809 2308 914 2364 nostris
928 2309 1057 2383 quidam,
1072 2309 1125 2384 qui
1140 2324 1195 2366 nec

248 2383 280 2440 in
303 2384 367 2442 acie
391 2383 508 2460 quidem
530 2383 710 2461 refugerunt,
726 2385 786 2456 sed,
803 2386 935 2462 praesidio
959 2388 1065 2444 cestris
1088 2386 1195 2458 relicti,

248 2481 319 2520 cum
332 2472 431 2520 eastra
450 2463 644 2534 traderentur,
659 2466 690 2522 in
709 2475 878 2542 potestatem
899 2466 1024 2524 hostium
1038 2474 1194 2524 venerunt.

249 2541 338 2601 Haud
356 2541 491 2618 equidem
516 2543 606 2600 ullius
628 2544 702 2602 civis
724 2555 753 2602 et
774 2545 977 2604 commilitonis
1000 2543 1126 2604 fortunae
1146 2553 1196 2604 aut

248 2621 405 2679 conditioni
433 2622 558 2692 invideo,
586 2641 642 2680 nec
669 2623 824 2699 premendo
859 2624 951 2682 aliurn
977 2643 1024 2682 me
1052 2625 1195 2682 extulisse

200 2700 355 2764 aovelimt
376 2719 414 2758 ne
433 2701 477 2757 illi
499 2701 627 2776 quidem,
641 2703 698 2760 nisi
720 2702 897 2778 pernicitatis
917 2702 1024 2778 pedum
1038 2712 1067 2760 et
1088 2722 1195 2762 cursus

249 2778 366 2855 aliquod
385 2780 537 2856 praemium
551 2789 604 2849 est,
618 2781 670 2855 qui
691 2780 821 2858 plerique
841 2781 967 2839 inermes
982 2800 1019 2840 ex
1040 2781 1104 2839 acie
1121 2781 1195 2860 sugi-

248 2867 330 2914 entes
343 2875 401 2915 non
420 2857 502 2933 prius
521 2876 609 2933 quam
624 2859 763 2917 Venusiae
778 2869 828 2917 aut
848 2859 970 2917 Canusii
991 2861 1194 2930 constiterunt,

248 2953 281 2992 se
303 2934 386 2991 nobis
409 2937 512 2994 merito
536 2937 717 3013 praetulerint
738 2938 910 3016 gloriatique
934 2940 1000 3009 sint,
1016 2939 1047 2996 in
1072 2959 1104 2997 se
1129 2939 1195 3016 plus

248 3030 338 3088 quarn
350 3013 382 3070 in
399 3012 541 3072 nobismet
553 3016 679 3092 praesidii
701 3018 744 3074 rei
758 3017 883 3093 publicae
897 3037 972 3076 esse.
1013 3017 1073 3076 Sed
1086 3018 1148 3076 illis
1167 3028 1196 3076 et

200 3099 239 3156 35
249 3091 330 3148 bonis
345 3109 382 3150 ao
394 3089 517 3150 fortibus
529 3093 670 3152 militibus
685 3096 815 3164 utemini,
825 3105 854 3153 et
864 3097 945 3155 nobis
958 3097 1046 3155 etiem
1060 3097 1195 3174 prompti-

247 3169 348 3228 oribus
361 3188 414 3248 pro
428 3173 531 3248 patria,
545 3174 622 3250 quod
639 3174 778 3232 beneficio
793 3184 889 3232 vestro
909 3175 1048 3252 redempti
1063 3173 1152 3250 atque
1166 3177 1196 3234 in

249 3250 375 3326 patriam
388 3251 514 3309 restituti
535 3250 688 3310 fuerimus.
730 3251 881 3312 Dilectum
903 3272 940 3312 ex
960 3255 1039 3312 omni
1059 3264 1145 3313 aetate
1168 3264 1196 3314 et

248 3327 365 3388 fortuna
378 3329 500 3400 habetis,
515 3341 580 3390 octo
600 3332 694 3390 millia
708 3351 860 3390 servorum
881 3333 967 3390 audio
988 3333 1115 3391 armari:
1138 3351 1196 3392 non

248 3409 343 3466 minor
355 3427 497 3467 numerus
508 3419 606 3469 noster
619 3420 672 3480 est,
684 3429 739 3469 nec
753 3412 862 3488 majore
877 3413 968 3488 pretio
982 3411 1085 3469 redimi
1097 3431 1196 3488 possu-

199 3492 324 3556 tomus,
338 3505 428 3564 quam
447 3489 469 3544 ii
489 3497 643 3546 emuntur:
664 3508 733 3546 nam
757 3491 782 3547 si
800 3490 949 3548 conferam
967 3510 1019 3549 nos
1039 3491 1195 3560 cumillis,

248 3565 387 3641 injuriam
413 3567 523 3623 nomini
550 3567 682 3624 Romano
710 3567 826 3627 faciam.
867 3569 945 3628 Illud
973 3570 1060 3628 etiam
1085 3570 1117 3626 in
1145 3570 1197 3628 teli

186 3657 193 3666 '
244 3644 368 3701 ⁴consilio
396 3643 685 3704 animadvertendum
713 3647 794 3704 vobis
827 3667 973 3718 censeam,
1001 3657 1100 3726 patres
1128 3666 1197 3706 eon·

247 3721 357 3794 scripti,
374 3721 400 3778 si
420 3731 518 3778 tomen
538 3721 670 3781 duriores
689 3743 752 3782 esse
773 3724 878 3796 velitis,
898 3727 975 3803 quod
995 3726 1079 3784 nullo
1099 3736 1197 3785 nostro

248 3797 351 3856 merite
363 3795 488 3869 faciam,
502 3800 554 3858 eui
566 3818 619 3860 nos
639 3801 714 3860 hosti
728 3802 861 3864 relicturi
881 3806 962 3864 sitis:
983 3803 1099 3882 Pyrrho
1115 3801 1198 3864 vide
