2717 4292
440 291 529 332 mn
549 292 572 332 1.
613 292 681 332 car.
694 291 848 345 numi.
1100 294 1140 352 21

134 431 222 513 emet,
236 441 296 498 quo
309 420 486 513 consultum·
498 421 599 498 plebes
612 423 734 513 veniret,
753 441 792 480 ne
810 423 883 500 quid
894 423 988 482 divini
1004 426 1093 501 juris,

133 499 1092 660 samm-affl

135 659 281 728 funebria,
297 657 513 734 placandosque
528 677 638 727 maneS,
653 669 687 715 ut
705 660 782 716 idem
802 662 929 736 pontifex
947 662 1091 732 edoceret,

134 758 262 815 qumque
283 737 425 813 prodigia,
441 737 612 793 fulminibus
626 737 721 794 aliove
734 757 793 813 quo
806 741 872 796 visu
888 741 986 808 missa,
999 743 1121 798 suseis

136 828 278 896 perentur
291 827 380 893 atque
394 827 579 872 curarentur.
618 817 667 872 Ad
683 836 720 873 ea
733 816 877 874 elicienda
895 838 934 874 ex
948 821 1094 876 mentibus

135 896 246 954 divinis
269 894 336 953 Jovi
357 894 456 952 Elicio
478 913 560 950 aram
584 895 615 950 in
638 896 789 952 Aventino
808 896 926 966 dicavit,
946 898 1092 974 deumque

134 975 286 1034 consuluit
300 974 443 1050 auguriis,
457 991 525 1049 quae
537 974 723 1049 suscipienda
735 985 843 1031 efflent·

179 1052 264 1111 XXI.
286 1052 336 1110 Ad
357 1051 421 1109 haec
435 1051 627 1108 consultanda
647 1053 889 1130 procurandaque
907 1054 1092 1113 multitudine

135 1134 218 1190 omni
232 1152 251 1188 a
265 1133 338 1189 vict
358 1132 449 1187 armis
462 1150 614 1199 conversa,
628 1141 657 1188 et
677 1132 769 1188 animi
788 1133 900 1208 aliquid
919 1133 1032 1210 agendo
1044 1154 1091 1191 oc·
1104 1141 1137 1193 10

136 1212 238 1286 cupati
253 1221 345 1279 erant,
365 1219 395 1266 et
415 1208 535 1267 deorum
554 1209 672 1266 assidua
691 1211 821 1268 insidens
833 1231 916 1282 cura,
930 1232 1000 1271 cum
1019 1213 1092 1270 inte-

136 1308 219 1346 resse
241 1290 330 1346 rebus
342 1289 485 1346 humanis
505 1288 621 1346 caeloste
634 1308 746 1346 numen
758 1291 916 1360 videretur,
936 1311 973 1348 ea
985 1292 1092 1368 pietate

136 1369 270 1426 omnium
284 1378 403 1444 pectora
416 1367 571 1436 imbuerat,
585 1377 619 1423 ut
632 1367 706 1424 fides
719 1387 755 1424 ac
765 1369 983 1444 jusjurandum,
997 1371 1091 1446 proxi.

136 1465 186 1505 mo
199 1447 302 1525 legum
316 1467 352 1505 ac
367 1465 521 1522 poenarum
535 1455 626 1515 metu,
640 1447 790 1504 civitatem
803 1459 957 1524 regerent:
980 1459 1093 1506 etcum

136 1527 195 1602 ipsi
208 1546 240 1583 se
261 1525 394 1582 homines
406 1526 438 1580 in
451 1525 530 1601 regis
543 1525 625 1582 velut
639 1525 721 1581 unici
733 1526 861 1602 exempli
879 1545 975 1583 morea
988 1526 1092 1584 sorma-
1104 1532 1142 1586 tt

137 1614 213 1674 rent,
224 1615 288 1662 tum
301 1605 418 1660 finitimi
431 1605 519 1660 etiam
534 1603 641 1679 populi,
651 1604 703 1680 qui
716 1614 804 1660 antea
816 1615 914 1663 castra
924 1624 981 1661 non
990 1605 1094 1662 urbem

136 1685 262 1760 positam
285 1685 317 1740 in
338 1682 433 1740 medio
454 1681 491 1739 ad
511 1681 725 1740 sollicitandam
737 1684 869 1740 omnium
882 1702 987 1759 pacem
999 1684 1092 1742 credi·

137 1763 252 1831 derant,
267 1763 298 1818 in
315 1781 383 1818 eam
397 1761 606 1818 verecundiam
622 1761 740 1819 adducti
753 1773 831 1831 sunt,
845 1774 879 1820 ut
890 1763 1037 1820 civitatem
1050 1774 1091 1821 to-

136 1851 199 1898 tam
224 1843 256 1898 in
279 1841 395 1898 cultum
418 1859 533 1896 versam
558 1839 688 1909 deorum,
703 1841 812 1898 violare
835 1841 978 1899 ducerent
996 1841 1089 1899 nesus.

136 1919 244 1978 Lucus
263 1931 335 1989 erat,
357 1938 445 1995 quem
465 1917 593 1975 medium
617 1939 654 1975 ex
674 1937 766 1994 opaco
778 1939 870 1995 specu
894 1919 957 1978 sons
970 1922 1140 1997 perenni20

135 2001 254 2076 rigabat
274 2018 369 2074 aqua:
392 2017 448 2073 quo
468 1999 538 2073 quia
558 2017 589 2054 se
611 2017 739 2074 persaepe
762 1998 865 2055 Numa
883 2000 947 2056 sine
965 2001 1089 2069 arbitris,

135 2080 221 2136 velut
236 2077 272 2134 ad
287 2096 477 2154 congressum
492 2075 563 2145 deae,
577 2076 729 2145 inferebat,
743 2069 880 2134 Camenis
900 2096 969 2134 eum
988 2077 1090 2134 lucum

135 2157 284 2229 sacravit;
300 2155 376 2232 quod
388 2174 491 2212 earum
505 2155 545 2211 ibi
559 2156 762 2212 conciliacum
774 2157 901 2233 conjuge
910 2175 966 2213 sua
979 2156 1091 2234 Egeria

135 2246 246 2294 essent.
288 2235 328 2293 Et
341 2235 396 2291 soli
415 2233 499 2290 Fidei
512 2233 652 2292 sollemne
666 2235 806 2291 instituit:
827 2235 864 2292 ad
884 2235 913 2292 id
926 2237 1090 2294 sacrarium

136 2315 274 2373 flamines
298 2314 383 2390 bigis,
406 2331 497 2370 curru
521 2323 650 2382 arcuato,
674 2313 743 2371 vehi
763 2313 859 2388 jussit,
884 2333 1032 2389 manuque
1052 2315 1139 2374 adzo

136 2394 243 2470 digitos
265 2413 357 2468 usque
378 2391 507 2449 involuta
528 2409 590 2448 rem
603 2391 733 2449 divinam
752 2391 869 2465 sacere3
890 2394 1089 2470 significantes

136 2473 227 2530 fidem
241 2470 401 2540 tutandam,
410 2470 567 2545 sedemque
580 2471 645 2545 ejus
658 2472 747 2528 etiam
759 2470 790 2527 in
803 2471 930 2529 dexteris
942 2483 1089 2530 sacratarn

137 2571 214 2609 esse.
257 2550 353 2607 Multa
367 2549 427 2606 alia
442 2550 588 2606 sacrificia
609 2550 733 2624 locaque
746 2551 839 2606 sacris
859 2549 1009 2618 faciendis,
1022 2570 1089 2625 quoe

137 2631 257 2708 Argeos
267 2629 418 2707 pontifices
431 2638 544 2696 vocant,
559 2627 714 2683 dedicavit.
758 2626 898 2683 Omnium
911 2637 1009 2683 tamen
1029 2646 1088 2684 ma·

136 2711 252 2767 ximum
273 2709 339 2783 ejus
358 2726 479 2784 operum
503 2706 559 2764 suit
578 2705 678 2775 tutela,
693 2724 744 2782 per
763 2724 849 2762 omne
868 2705 952 2782 regni
965 2716 1087 2782 tempus,
1098 2711 1139 2776 30

136 2787 218 2844 haud
239 2788 334 2844 minor
354 2787 444 2862 pacis,
458 2805 547 2862 quam
568 2784 661 2862 regni.
703 2782 748 2842 lta
767 2784 825 2842 duo
844 2784 981 2861 deinceps
994 2804 1087 2863 regas,

138 2866 216 2924 alius
240 2867 300 2924 alia
324 2867 382 2935 via,
406 2866 457 2922 ille
479 2865 564 2934 bello,
587 2865 636 2922 hic
656 2883 738 2941 pace,
762 2864 911 2923 civitatem
931 2876 1086 2924 auxemnt.

137 2943 285 3003 Romulus
298 2955 410 3020 septem
424 2953 453 3000 et
466 2945 584 3019 triginta
598 2945 732 3020 regnavit
751 2963 850 3014 annos,
864 2944 967 3002 Numa
986 2954 1046 3003 tres
1058 2956 1088 3003 et

136 3024 344 3101 quadraginta.
386 3022 462 3080 Cum
476 3023 572 3080 valida
586 3033 648 3080 tum
661 3033 821 3100 temperata
833 3034 864 3081 et
882 3024 952 3082 belli
965 3035 995 3082 et
1007 3025 1088 3102 pacis

137 3104 251 3162 artibus
265 3111 329 3160 erat
343 3103 456 3159 civitas.
1097 3108 1135 3164 35

178 3181 278 3240 XXII.
301 3181 411 3238 Numae
427 3191 517 3238 morte
539 3179 575 3238 ad
595 3181 794 3258 interregnum
814 3201 862 3240 res
882 3181 976 3241 rediit.
1016 3181 1087 3240 lude

137 3257 265 3319 Tullum
279 3259 449 3330 Hostilium,
463 3269 595 3336 nepotem
608 3259 735 3329 Hostilii,
756 3280 843 3336 cujus
860 3261 891 3318 in
904 3262 968 3318 infi-

137 3359 187 3398 rna
201 3339 369 3396 urceolam
390 3357 489 3416 pugna
502 3338 640 3396 adversus
660 3339 782 3396 Sabinos
799 3338 903 3409 suerat,
924 3358 968 3396 re-
1008 3357 1039 3397 u.
1057 3357 1085 3396 c.

137 3438 206 3498 gem
231 3419 357 3495 populus
378 3417 480 3492 jussit:
512 3427 607 3494 patres
631 3429 765 3476 auctores
788 3417 868 3475 facti.
909 3417 969 3474 Hic
1022 3421 1072 3474 82.
1159 3445 1163 3450 ·

137 3516 196 3556 non
221 3497 317 3554 solum
341 3498 470 3572 proximo
495 3498 558 3572 regi
585 3495 741 3567 dissimilis,
769 3495 820 3554 sed
847 3494 969 3552 ferocior
1007 3513 1039 3553 Α.
1058 3503 1135 3557 ortt

138 3579 228 3635 etiam
239 3596 330 3652 quarn
344 3576 488 3634 Romulus
499 3575 570 3633 fuit:
592 3596 660 3634 cum
672 3587 742 3634 aetas
752 3577 895 3649 viresque,
907 3583 969 3631 turn
1016 3578 1086 3633 670.

138 3657 219 3713 avita
232 3661 348 3732 qnoque
363 3655 455 3732 glorta
469 3657 599 3712 animum
613 3656 788 3713 stimulabat.
809 3653 968 3712 Senesocre

139 3735 231 3812 igitur
255 3736 404 3793 civitatem
425 3735 482 3792 otio
507 3744 596 3804 ratus,
621 3733 749 3809 undique
769 3733 919 3789 materiam
942 3733 1088 3790 excitandi

139 3813 212 3872 belli
234 3814 394 3892 querebat.
449 3813 537 3872 Forte
561 3813 666 3882 evenit,
692 3822 724 3869 ut
745 3821 874 3888 agrestes
899 3809 1024 3868 Romani
1049 3829 1088 3868 ex
