2717 4292
176 270 214 332 88
600 280 660 323 sur
681 280 756 323 mvn

222 424 320 474 serant
334 414 453 485 animos,
468 422 497 472 et
510 419 586 490 quod
600 432 656 473 nec
676 413 707 471 in
728 413 792 471 acie
806 411 925 489 ancipiti
939 430 1064 488 usquam
1077 423 1170 471 certa·

222 505 325 553 verant
345 494 457 571 proelio,
473 511 528 551 nec
550 489 612 550 tuni
634 494 745 569 impetu
768 502 819 550 aut
838 491 868 549 vi
889 492 1042 568 capiebant
1059 492 1170 563 urbem,

222 574 285 632 sine
299 575 352 643 ira,
365 575 427 632 sine
442 572 543 631 ardore
558 572 729 642 animorum,
744 571 867 649 ingressi
882 580 993 647 postero
1007 570 1053 628 die
1069 572 1171 629 urbem

224 663 338 730 patente
352 652 467 711 Collina
481 661 570 728 porta,
582 652 612 707 in
627 649 722 709 sorum
737 652 918 727 perveniunt,
930 647 1173 708 circumferentes

194 732 323 791 baculos
346 732 382 790 ad
405 731 514 808 templa
537 730 633 800 deum,
655 748 814 806 arcemque
838 730 930 787 solam
955 729 1023 787 belli
1045 730 1174 807 speciem

224 814 378 869 tenentem.
421 810 501 882 Inde,
517 809 628 867 modico
642 809 745 867 relicto
759 808 899 886 praesidio,
914 828 952 865 ne
965 810 1031 884 quis
1044 809 1075 865 in
1089 808 1173 867 dissi·

225 900 305 968 patos
319 910 355 949 ex
371 900 505 948 arceant
524 888 664 966 Capitolio
685 890 810 965 impetus
827 888 917 958 fieret,
933 888 1036 965 dilapsi
1051 887 1087 945 ad
1102 907 1172 965 prae·

225 970 292 1028 dam
307 970 409 1028 vacuis
429 988 555 1028 occursu
575 968 725 1026 hominum
739 969 803 1038 viis,
818 986 886 1044 pars
905 967 935 1024 in
950 967 1081 1043 proxima
1095 986 1173 1044 quas-

225 1068 282 1124 que
296 1059 439 1107 tectorum
458 1048 573 1125 agmine
588 1057 686 1117 ruunt,
702 1065 770 1125 pars
785 1045 897 1117 ultima,
911 1046 992 1104 velut
1006 1065 1042 1104 ea
1055 1046 1174 1105 demum

179 1129 215 1188 10
225 1129 334 1186 intacta
349 1138 377 1185 ct
391 1126 498 1185 referta
511 1126 618 1204 praeda,
633 1134 744 1203 petunt.
787 1125 859 1183 Inde
874 1145 976 1183 rursus
989 1126 1053 1203 ipsa
1073 1127 1173 1184 solitu-

202 1258 203 1261 ,
226 1206 293 1264 dine
317 1206 470 1277 absterriti,
485 1226 522 1264 ne
544 1225 603 1283 qua
624 1204 705 1264 fraus
727 1205 839 1263 hostilis
860 1224 950 1283 vagos
972 1205 1128 1282 exciperet,
1143 1206 1174 1263 in

227 1284 321 1343 forum
336 1306 371 1343 ac
386 1287 546 1363 propinqua
561 1283 622 1342 foro
641 1284 708 1343 loca
721 1284 884 1362 conglobati
905 1284 1045 1355 redibant,
1062 1285 1112 1341 ubi
1125 1304 1175 1343 eos

225 1365 358 1442 —plebis
372 1365 502 1423 aedificiis
516 1365 664 1433 obseratis,
681 1365 844 1442 patentibus
865 1364 946 1421 atriis
959 1364 1175 1440 principum,—

227 1444 320 1521 major
333 1464 421 1522 prope
443 1445 590 1503 cunctatio
611 1444 727 1502 tenebat
749 1452 848 1521 aperta
868 1462 957 1518 quam
973 1443 1075 1500 clausa
1093 1444 1174 1501 inva-

182 1526 216 1583 15
227 1523 329 1581 dandi:
352 1524 423 1582 adeo
436 1523 515 1581 haud
528 1542 614 1581 secus
629 1541 718 1600 quam
732 1521 929 1580 venerabundi
943 1522 1130 1579 intuebantur
1144 1524 1175 1580 in

227 1602 334 1661 aedium
352 1602 502 1661 vestibulis
516 1602 649 1660 sedentes
663 1603 749 1672 viros,
765 1610 869 1679 praeter
882 1611 1016 1658 omatum
1030 1601 1174 1659 habitum-

227 1702 285 1758 que
300 1682 428 1740 humano
443 1682 650 1759 augustiorem,
665 1681 846 1757 majestatem
861 1680 958 1750 etiam,
973 1700 1062 1756 quam
1075 1681 1175 1739 vultus

227 1762 413 1837 gravitasque
434 1761 492 1817 oris
506 1778 566 1836 prae
586 1779 617 1818 se
637 1757 757 1830 ferebat,
772 1759 933 1818 simillimos
947 1759 1012 1817 diis.
1054 1758 1101 1817 Ad
1115 1779 1174 1831 eos,

227 1839 307 1897 velut
328 1839 494 1909 simulacra,
510 1839 586 1896 versi
607 1856 676 1897 cum
697 1848 815 1908 starent,
832 1838 873 1895 M.
890 1838 1023 1915 PapIrius
1043 1857 1119 1896 unus
1138 1859 1175 1897 cx

179 1920 218 1975 20
228 1919 273 1977 his
287 1918 394 1975 dicitur
409 1917 495 1976 Gallo
511 1918 630 1975 barbam
644 1927 802 1976 suam—ut
815 1928 877 1975 tum
891 1918 1025 1975 omnibus
1035 1919 1175 1994 promissa

228 1998 532 2074 crat-permulcenti,
544 1997 672 2074 scipione
687 1997 814 2055 eburneo
828 1997 858 2054 in
873 2006 960 2074 caput
971 1997 1087 2055 incusso
1101 1998 1175 2054 iram

228 2079 368 2135 movisse:
391 2087 477 2153 atque
489 2078 525 2134 ab
539 2097 573 2134 eo
587 2077 702 2135 initium
716 2076 804 2134 caedis
817 2086 921 2147 ortum,
932 2086 1044 2134 ceteros
1057 2077 1088 2133 in
1102 2076 1174 2134 sedi-

229 2155 283 2214 bus
297 2158 358 2215 suis
378 2156 546 2214 trucidatos
589 2155 656 2214 Post
669 2156 835 2233 principum
849 2155 968 2226 caedem,
983 2155 1057 2213 nulli
1071 2155 1173 2214 deinde

229 2236 394 2292 mortalium
429 2236 519 2311 parci,
552 2234 637 2312 diripi
671 2245 757 2304 tecta,
786 2236 936 2293 exhaustis
963 2235 1045 2311 injici
1079 2236 1173 2311 ignes.

179 2316 218 2369 25
230 2312 324 2372 XLII.
347 2314 578 2374 Ceterum—seu
600 2333 657 2371 non
678 2315 812 2371 omnibus
826 2313 940 2371 delendi
962 2316 1064 2372 urbem
1087 2314 1176 2373 libido

229 2403 299 2463 erat,
315 2412 368 2451 seu
382 2394 422 2451 ita
443 2393 594 2469 placuerat
615 2394 794 2470 principibus
811 2392 974 2464 Gallorum,
990 2403 1019 2451 et
1039 2396 1174 2452 ostentari

228 2472 362 2549 quaedam
376 2472 511 2530 incendia
525 2473 642 2530 terroris
656 2490 755 2544 causa,
767 2473 792 2530 si
806 2473 940 2549 compelli
952 2473 988 2530 ad
1002 2472 1176 2532 deditionem

228 2553 349 2611 caritate
363 2552 476 2610 sedium
490 2571 611 2609 suarum
625 2551 732 2609 obsessi
747 2562 870 2629 possent,
885 2561 913 2609 et
927 2571 984 2609 nou
998 2554 1094 2610 omnia
1107 2572 1175 2612 con·

229 2632 354 2690 cremari
369 2642 453 2703 tecta,
467 2641 507 2703 ut,
522 2631 725 2708 quodcumque
739 2640 903 2709 superesset
923 2632 1012 2701 urbis,
1026 2631 1056 2689 id
1070 2633 1176 2711 pignus

180 2711 219 2766 30
230 2710 266 2790 ad
280 2712 437 2770 flectendos
450 2712 575 2770 hostium
595 2712 706 2769 animos
720 2711 1096 2787 haberent,7nequaquam
1111 2731 1174 2788 per-

229 2790 295 2847 inde
315 2800 404 2867 atque
421 2790 452 2847 in
473 2801 559 2867 capta
580 2790 651 2848 urbe
665 2791 760 2867 prima
780 2790 826 2847 die
847 2800 898 2847 aut
918 2790 1024 2867 passim
1046 2800 1096 2848 aut
1117 2790 1175 2849 late

229 2879 354 2947 vagatus
364 2879 407 2926 est
417 2870 503 2946 ignis.
539 2868 664 2927 Romani
677 2888 714 2926 ex
729 2888 797 2929 arce
808 2870 923 2945 plenam
934 2870 1057 2926 hostium
1072 2870 1175 2928 urbem

229 2957 382 3005 cernentes
392 2966 538 3024 vagosque
552 2967 604 3025 per
615 2947 678 3005 vias
692 2968 792 3007 omnes
806 2967 919 3018 cursus,
932 2967 1000 3006 cum
1015 2948 1073 3005 alia
1088 2959 1174 3025 atque

230 3025 288 3083 alis
302 3036 381 3101 parte
395 3045 470 3084 nova
485 3027 583 3103 aliqua
597 3026 696 3085 clades
703 3038 844 3097 oreretur,
855 3046 912 3085 non
927 3028 1071 3085 mentibus
1081 3028 1174 3086 solum

182 3106 220 3161 35
230 3106 391 3182 concipere,
406 3105 457 3163 sed
471 3126 507 3164 ne
530 3107 650 3164 auribus
670 3107 788 3183 quidem
810 3117 896 3184 atque
916 3106 1011 3164 oculis
1024 3108 1095 3166 satis
1108 3127 1175 3165 con·

229 3193 306 3242 stare
328 3193 468 3262 poterant.
510 3185 706 3262 Quocumque
728 3187 839 3245 clamor
859 3187 993 3257 hostium,
1015 3186 1174 3245 mulierum

230 3282 443 3341 puerorumque
458 3266 595 3342 ploratus,
610 3266 720 3323 sonitus
734 3267 858 3324 flammae
872 3275 901 3325 et
915 3265 1014 3343 fragor
1027 3266 1174 3324 ruentium

229 3352 371 3401 tectorum
393 3346 551 3415 avertisset,
568 3355 705 3420 paventes
726 3345 879 3403 adomnia
900 3346 1011 3403 animos
1024 3364 1132 3421 oraque
1146 3354 1175 3404 ct
1222 3375 1226 3381 ·

230 3424 329 3482 oculos
348 3424 510 3495 flectebant,
531 3423 667 3482 velutad
689 3425 890 3501 spectaculum
911 3444 929 3483 a
953 3423 1069 3483 fortuna
1091 3424 1174 3500 positi

180 3504 220 3560 40
230 3503 387 3562 occidentis
401 3505 510 3580 patriae,
526 3523 580 3561 nec
596 3504 687 3561 ullius
701 3523 799 3562 rerum
813 3523 935 3562 suarum
950 3504 1043 3562 relicti
1058 3509 1174 3578 preter.

231 3598 318 3656 quam
343 3601 494 3659 corporum
526 3583 672 3656 vindices;
709 3594 787 3641 tanto
818 3594 884 3642 ante
916 3585 987 3642 alios
1018 3582 1175 3641 miserandi

230 3662 332 3737 magis,
350 3664 401 3737 qui
422 3682 550 3739 unquam
568 3663 675 3721 obsessi
697 3672 773 3734 sunt,
787 3663 863 3739 quod
884 3664 1035 3721 interclusi
1050 3682 1068 3719 a
1080 3662 1175 3738 patria

229 3738 441 3809 obsidebantur,
457 3742 553 3799 omnia
573 3761 627 3799 sua
651 3753 803 3801 cernentes
825 3743 855 3799 in
876 3743 1173 3818 hostiumpotestate.

230 3815 298 3876 Nec
311 3818 493 3895 tranquillior
505 3838 561 3877 nox
582 3820 659 3878 diem
672 3830 733 3881 tam
754 3820 830 3880 foede
850 3831 948 3881 actum
968 3820 1082 3900 excepit
1091 3839 1103 3893 ε,
1121 3819 1174 3879 lux
