2717 4292
212 265 272 326 188
632 288 692 327 riri
713 287 787 327 arun

257 418 475 492 exercitumque
497 437 616 487 cmm,
630 437 696 476 sese
720 417 841 476 Canusii
861 435 935 485 esse,
954 413 1094 495 reliquias
1114 422 1207 482 tautae

198 490 203 500 ¹
258 498 351 555 eladis
365 498 445 553 velut
458 516 493 554 ex
509 497 664 574 naufragio
677 497 872 573 colligentem.
915 496 964 552 Ad
985 496 1087 553 decent
1110 499 1205 556 millia
1241 521 1251 542 ⁸

258 578 383 633 militum
409 576 499 632 serme
527 596 592 632 esse
619 577 872 651 incompositorum
900 575 1204 650 inordinatorurnque:

257 653 381 712 Poenum
394 655 495 712 sedere
508 654 543 712 ad
558 655 685 723 Cannas,
700 657 730 711 in
744 657 923 730 captivorum
938 655 1037 730 pretiis
1048 655 1206 730 praedaque

227 733 316 791 belia
329 753 385 791 nec
399 735 516 791 victoris
535 737 632 790 animo
644 752 700 791 nec
714 735 813 809 magni
831 733 915 790 ducis
939 752 1018 789 more
1039 733 1205 792 nundinan-

256 826 326 869 tem.
378 813 458 871 Tum
481 815 601 889 privato
623 831 737 887 quoque
760 831 812 888 per
833 811 931 869 domos
955 810 1053 869 clades
1075 812 1206 888 vulgatur

257 902 345 965 sunt;
368 892 497 971 adeoque
516 903 605 949 totam
625 892 727 947 urbem
747 891 873 966 opplevit
894 891 999 960 luctus,
1026 898 1058 947 ut
1082 909 1204 948 sacrum

258 972 489 1028 anniversarium
497 969 614 1028 Cereris
626 969 824 1026 intermissum
832 971 878 1040 sit,
887 970 957 1044 quia
970 988 1025 1026 nec
1034 969 1205 1047 lugentibus

256 1049 287 1105 id
301 1049 398 1107 facere
411 1059 455 1107 est
475 1049 528 1118 fas,
541 1067 598 1106 nec
612 1047 674 1105 ulla
693 1049 725 1104 in
743 1049 796 1107 illa
816 1058 985 1124 tempestate
999 1059 1133 1106 matrona
1154 1069 1203 1107 ex-

210 1129 247 1183 10
257 1145 323 1205 pers
344 1128 443 1186 luctus
466 1127 571 1186 suerat.
612 1127 723 1202 Itaque,
748 1146 785 1185 ne
808 1129 844 1186 ob
865 1127 986 1184 eandem
1007 1145 1130 1184 causam
1142 1127 1201 1186 alia

255 1223 370 1282 quoque
394 1225 480 1265 sacra
502 1206 621 1284 publica
634 1216 685 1264 aut
707 1207 819 1283 privata
843 1206 1056 1274 desererentur,
1082 1215 1204 1265 senatus

255 1285 387 1342 consulto
399 1286 502 1343 diebus
518 1286 638 1362 triginta
651 1286 749 1344 luctus
763 1296 805 1344 est
819 1286 926 1342 finitus.
968 1284 1107 1342 Ceterum
1122 1304 1202 1356 oum,

256 1364 355 1422 sedato
379 1365 459 1421 urbis
479 1366 620 1435 tumultu,
639 1366 767 1423 revocati
791 1367 821 1421 in
842 1365 955 1422 curiam
976 1373 1073 1441 patres
1093 1374 1201 1435 essent,

257 1441 324 1500 aliae
336 1444 456 1520 insuper
468 1463 505 1501 ex
522 1443 625 1502 Sicilia
638 1444 741 1502 litterae
756 1443 852 1502 allatae
872 1454 939 1500 sunt
960 1444 996 1499 ab
1017 1442 1055 1499 T.
1073 1443 1203 1501 Otacilio

209 1523 246 1577 15
257 1533 438 1599 propraetore,
453 1542 578 1600 regnum
598 1523 735 1580 Hieronis
755 1524 848 1580 classe
870 1522 981 1580 Punica
998 1524 1107 1579 vastari
1117 1543 1127 1596 3
1151 1523 1202 1581 oui

256 1619 326 1658 cum
348 1622 432 1678 opem
455 1603 620 1679 imploranti
644 1601 720 1659 ferre
743 1603 840 1672 vellet,
865 1603 1029 1658 nuntiatum
1049 1603 1104 1658 sibi
1125 1621 1201 1672 esse,

256 1679 345 1736 aliam
358 1683 483 1738 classem
504 1681 540 1738 ad
560 1681 682 1756 AEgates
702 1681 812 1738 insulas
833 1693 918 1750 stare,
940 1692 1072 1755 paratam
1092 1683 1201 1740 instru-

255 1767 399 1833 ctamque,
410 1769 449 1826 ut,
462 1760 512 1815 ubi
520 1778 553 1816 se
563 1777 684 1816 versum
693 1759 729 1816 ad
739 1760 876 1818 tuendam
886 1760 1107 1834 Syracusanam
1118 1779 1201 1818 oram

255 1832 340 1893 Poeni
353 1838 519 1908 sensissent,
531 1837 698 1913 Lilybaeum
706 1841 850 1916 extemplo
864 1839 1100 1916 provinciamque
1110 1841 1202 1897 aliam

207 1913 418 1973 summanum
435 1917 678 1994 aggrederentur:
699 1919 797 1993 itaque
818 1919 912 1976 classe
932 1936 1005 1995 opus
1025 1938 1098 1989 esse,
1114 1921 1139 1976 si
1155 1939 1202 1979 re-

254 2013 323 2070 gem
336 1997 447 2053 socium
461 1997 649 2071 Siciliamque
663 1997 740 2054 tueri
754 1998 872 2056 vellent.

295 2071 391 2132 LVII.
421 2074 540 2134 Litteris
563 2075 692 2134 consulis
715 2078 951 2153 propraetorisque
979 2076 1123 2154 perlectis,
1154 2076 1199 2134 M.

254 2151 419 2222 Claudium,
433 2156 484 2230 qui
498 2156 585 2212 classi
599 2155 634 2211 ad
649 2155 761 2212 Ostiam
775 2157 862 2214 stanti
877 2165 1020 2232 praeesset,
1035 2155 1201 2215 Canusium

254 2229 291 2285 ad
311 2234 473 2290 exercitum
487 2233 657 2291 mittendum
673 2245 858 2305 censuerunt,
873 2235 1115 2310 scribendumque
1130 2255 1199 2293 con-

206 2309 244 2362 25
254 2308 321 2378 suli,
336 2318 377 2378 ut,
392 2329 460 2368 cum
474 2312 588 2387 praetori
608 2313 770 2370 exercitum
783 2314 953 2383 tradidisset,
969 2314 1061 2389 primo
1082 2331 1199 2389 quoque

253 2396 390 2463 tempore,
401 2400 543 2465 quantum
556 2408 608 2466 per
621 2392 804 2450 commodum
819 2394 861 2450 rei
875 2391 999 2469 publicae
1012 2393 1077 2450 fieri
1091 2402 1198 2469 posset,

254 2466 377 2524 Remum
391 2470 513 2528 veniret.
554 2470 664 2528 Territi
685 2472 772 2528 etiam
786 2490 873 2548 super
892 2481 987 2528 tantas
1008 2470 1106 2528 clades
1127 2491 1200 2530 oum

253 2547 358 2604 ceteris
378 2548 523 2626 prodigiis,
537 2559 600 2608 tum
614 2549 690 2625 quod
704 2550 769 2607 duae
782 2551 917 2608 Vestales
930 2569 965 2608 eo
978 2569 1062 2620 anno,
1078 2550 1199 2626 Opimia

254 2635 340 2702 atque
354 2625 498 2699 Floronia,
513 2630 606 2706 stupri
627 2639 797 2706 compertae:
818 2639 846 2688 et
870 2629 962 2688 altera
975 2631 1029 2686 sub
1050 2638 1138 2699 terra,
1154 2631 1197 2687 uti

204 2703 244 2757 8⁰
254 2723 315 2763 mos
328 2715 383 2775 est,
397 2707 434 2764 ad
447 2718 558 2783 portam
571 2707 715 2766 Collinam
732 2718 836 2766 necata
856 2707 960 2778 fuerat,
976 2708 1067 2784 altera
1081 2709 1200 2767 sibimet

253 2783 316 2858 ipsa
329 2795 451 2843 mortem
467 2788 657 2844 consciverat.
699 2785 736 2845 L.
752 2787 904 2858 Cantilius,
926 2786 1022 2844 scriba
1042 2787 1197 2865 pontificis,

252 2880 325 2936 quos
337 2881 417 2920 nuuc
431 2865 557 2922 minores
570 2866 720 2941 pontifices
734 2867 887 2943 appellant,
902 2866 953 2942 qui
967 2884 1036 2923 oum
1056 2865 1199 2924 Floronia

251 2948 384 3013 stuprum
408 2939 526 3013 iecerat,
547 2963 566 3000 a
589 2945 723 3019 pontifice
743 2946 870 3003 maximo
889 2964 924 3003 eo
945 2962 1037 3020 usque
1051 2945 1143 3022 virgis
1163 2945 1198 3003 in

251 3018 366 3075 comitio
388 3037 482 3078 casus
505 3031 577 3091 erat,
600 3032 631 3079 ut
657 3023 734 3080 inter
757 3023 880 3081 verbera
902 3024 1073 3102 exspiraret.
1127 3021 1197 3083 Hoo

202 3094 334 3154 abactas
350 3105 424 3155 ‘oum
447 3100 523 3158 inter
543 3108 592 3170 tot,
614 3110 646 3158 ut
666 3102 708 3171 fit,
729 3101 827 3160 clades
847 3103 878 3159 in
899 3103 1062 3180 prodigium
1076 3119 1198 3161 versum

251 3184 335 3246 esset,
349 3176 507 3236 decemviri
530 3179 619 3237 libros
633 3181 712 3238 adire
733 3181 808 3256 jussi
829 3191 905 3252 sunt,
920 3191 949 3239 et
969 3181 1007 3246 Q.
1024 3180 1134 3238 Fabius
1148 3180 1196 3238 Pi-

251 3265 313 3313 otor
332 3255 459 3334 Delplqos
480 3258 517 3316 ad
537 3260 689 3317 oraculum
702 3261 807 3317 missus
821 3270 864 3318 est
884 3259 1072 3330 sciscitatum,
1087 3259 1197 3334 quibus

250 3337 384 3410 precibus
404 3339 610 3414 suppliciisque
634 3339 701 3396 deos
721 3349 835 3415 possent
858 3339 984 3414 placare,
1006 3348 1034 3395 et
1057 3355 1197 3412 quaenam

251 3412 350 3472 futura
373 3416 439 3474 finis
460 3418 546 3474 tantis
568 3416 700 3474 cladibus
722 3417 803 3474 soret.
853 3417 972 3476 Interim
997 3436 1033 3474 ex
1056 3415 1197 3477 fatalibus

202 3490 331 3550 tulistis
357 3495 503 3553 sacrificia
530 3495 639 3570 aliquot
661 3496 888 3554 extraordinaria
912 3494 999 3566 facta,
1027 3496 1103 3551 inter
1126 3515 1197 3570 quar

250 3570 357 3628 Gallus
369 3582 398 3629 et
423 3573 519 3643 Galla,
535 3574 659 3632 Graeous
678 3585 707 3632 et
732 3573 847 3644 Graeca,
862 3576 894 3631 in
914 3574 975 3632 foro
996 3574 1121 3644 bovario,
1137 3576 1196 3633 sub

248 3657 327 3705 terra
351 3651 409 3706 vivi
433 3651 549 3709 demissi
570 3653 688 3710 suntin
709 3653 895 3709 locumsaxo
919 3664 1105 3729 consaeptum,
1128 3654 1195 3728 jam

248 3736 316 3782 ante
335 3727 434 3785 hostiis
458 3730 601 3804 humanis,
625 3732 744 3787 minime
765 3731 897 3788 Romam
918 3751 1012 3801 sacro,
1033 3731 1193 3792 imbutum.

248 3799 375 3860 Placatia
394 3806 473 3874 satis,
488 3817 520 3864 ut
544 3808 690 3878 rebantur,
711 3809 781 3879 deis,
808 3806 849 3864 M.
865 3809 1007 3869 Claudius
1027 3808 1193 3871 Marcellus
