2717 4292
408 319 495 376 arran
513 320 588 362 nm.
621 320 687 360 car.
703 319 773 374 xxx,
787 319 868 362 xxxa
1077 307 1134 370 169

140 453 203 513 dies
223 452 273 510 bic
293 449 437 508 dederit.’'
480 450 575 509 XXX.
598 450 688 527 Signo
702 451 776 522 dato,
791 452 991 511 conclamatur
1010 452 1087 525 inde,

142 541 173 590 ut
186 531 363 608 colligantur
377 549 458 587 vasa.
500 529 626 588 Profecti
640 540 669 588 et
683 532 799 606 agmine
818 531 984 590 incedentes
997 531 1087 590 dicta·

143 612 210 668 toris
232 621 329 667 castra
343 609 372 665 iu
388 609 606 667 admirationem
620 619 649 667 et
662 610 759 685 ipsum
773 620 802 668 et
819 630 926 681 omnes,
941 612 992 688 qui
1006 613 1088 670 circa

142 700 233 756 eraut,
263 698 478 746 converterunt.
522 688 561 746 Ut
587 690 753 747 constitute.
769 699 835 746 sunt
867 703 932 748 ante
961 691 1086 748 tribunal

141 771 234 846 signa,
247 787 416 845 progressus
426 778 493 824 ante
508 768 579 825 alios
593 770 730 845 magister
741 771 881 844 equitum,
893 789 961 828 eum
976 771 1115 846 patrem5

144 848 268 906 Fabium
290 848 471 923 appellasset,
491 846 741 922 circumfusosque
763 849 887 906 militum
910 849 974 923 ejus
995 860 1086 906 totum

141 946 247 1004 agmen
258 938 390 1002 patronos
398 927 615 995 consalutasset,
626 934 644 962 “
651 926 848 1003 parentibus,''
861 929 962 1003 iuquit,
978 934 996 961 “
1004 928 1085 998 meis,

140 1007 277 1074 dictator,
286 1007 390 1082 quibus
404 1015 432 1062 te
447 1006 529 1062 modo
542 1007 667 1074 nomine,
683 1026 740 1082 quo
755 1005 840 1064 faudo
854 1027 979 1083 possum,
991 1026 1086 1082 aequa-

143 1085 182 1154 vi,
208 1087 297 1141 vitam
324 1095 436 1141 tentum
464 1085 561 1154 debeo,
587 1086 637 1141 tibi
662 1105 731 1142 cum
759 1091 854 1142 meam
879 1087 1002 1144 salutem
1024 1098 1086 1143 tum

140 1166 271 1222 omnium
293 1165 412 1220 horum:
434 1166 531 1239 itaque
546 1164 756 1240 plebeiscitum,
772 1184 829 1240 quo
839 1176 978 1232 oneratus
993 1166 1086 1243 magis
1099 1166 1136 1221 10

141 1263 229 1320 quam
246 1244 399 1300 honoratus
413 1263 487 1313 sum,
503 1245 613 1318 primus
628 1244 745 1318 antique
757 1245 937 1320 abrogoque3
961 1255 998 1314 et,
1010 1245 1087 1321 quod

143 1323 193 1378 tibi
205 1322 342 1397 mihique,
354 1321 431 1397 quod
442 1323 676 1396 exercitibusque
688 1321 732 1378 his
742 1325 955 1381 tuis-servato
968 1343 1004 1382 ac
1019 1343 1085 1382 con-

141 1402 360 1458 servatori-sit
388 1399 467 1471 felix,
488 1401 543 1458 sub
571 1401 726 1477 imperium
754 1402 975 1477 auspiciumque
1002 1412 1086 1460 tuum

141 1479 229 1536 redeo
252 1490 281 1537 et
303 1481 388 1556 sigua
410 1481 473 1538 haec
498 1480 685 1557 legionesque
712 1481 842 1537 restituo.
897 1480 955 1551 Tu,
980 1499 1085 1556 quaeso,

140 1559 275 1635 placatus
289 1579 335 1616 me
356 1560 487 1636 magistri
508 1562 647 1634 equitum,
663 1559 714 1615 hos
728 1559 842 1616 ordines
862 1578 929 1616 suos
942 1578 1086 1635 quemque
1100 1562 1135 1616 15

141 1647 241 1695 tenere
266 1637 404 1714 jubeas.''
459 1639 540 1696 Tum
567 1638 676 1696 dextrae
698 1638 889 1713 interjunctae,
913 1639 1086 1714 militesque,

124 1718 281 1775 'concione
295 1717 422 1788 dimissa,
437 1717 474 1774 ab
487 1719 561 1774 notis
575 1718 737 1795 ignotisque
756 1718 880 1795 benigne
896 1727 981 1794 atque
995 1718 1086 1794 hospi-

140 1797 240 1854 taliter
254 1797 374 1867 invitati,
384 1797 525 1873 laetusque
537 1798 598 1854 dies
612 1816 648 1854 ex
663 1796 817 1854 admodum
832 1797 905 1855 tristi
920 1798 1006 1873 paulo
1020 1807 1087 1855 ante

141 1895 176 1932 ec
191 1895 280 1952 prope
300 1877 473 1933 exsecrabili
495 1875 599 1933 factus.
643 1877 752 1946 Romae,
768 1887 799 1934 ut
820 1886 863 1934 est
877 1878 987 1953 perlata
1009 1875 1087 1935 fama

140 1956 183 2010 rei
208 1966 307 2031 gestae,
323 1955 389 2012 dein
414 1956 516 2012 litteris
538 1975 594 2012 non
617 1957 711 2033 magis
733 1957 859 2031 ipsorum
882 1957 1086 2031 imperatorum
1096 1957 1135 2011 20

140 2053 230 2109 quam
246 2035 333 2111 vulgo
347 2035 470 2092 militum
484 2054 521 2091 ex
537 2045 657 2109 utroque
679 2036 807 2091 exercitu
825 2033 974 2103 affirmata,
991 2053 1086 2110 prose

140 2114 265 2188 quisque
288 2113 449 2182 Maximum
463 2114 598 2170 laudibus
612 2114 647 2170 ad
667 2113 772 2170 caelum
795 2112 881 2170 ferre.
924 2112 981 2170 Par
994 2113 1087 2190 glorie

141 2191 218 2267 apud
235 2191 428 2249 Hannibalem
444 2194 595 2267 hostesque
610 2193 714 2249 Poenos
736 2202 815 2263 erat;
840 2211 875 2248 ac
894 2202 954 2249 tum
970 2193 1087 2250 demum

141 2271 258 2339 sentire,
274 2290 342 2328 eum
358 2271 498 2328 Romanis
511 2283 598 2346 atque
612 2273 642 2327 in
656 2270 741 2328 Italia
762 2272 869 2328 bellum
884 2291 957 2329 esse.
1007 2272 1086 2329 Nam

142 2350 258 2407 biennio
273 2359 338 2406 ante
353 2350 424 2406 adeo
438 2361 465 2406 et
480 2350 569 2406 duces
584 2349 728 2406 Romanos
747 2360 775 2406 et
790 2351 895 2408 milites
908 2362 1084 2427 spreverant,
1096 2355 1134 2407 25

141 2438 173 2485 ut
198 2430 247 2484 vix
272 2448 340 2485 cum
365 2429 466 2485 eadem
487 2436 572 2504 geute
597 2428 707 2486 bellum
731 2449 793 2486 esse
819 2429 978 2498 crederent,
1000 2432 1086 2505 cujus

141 2508 302 2565 terribilem
317 2527 380 2563 eam
404 2506 510 2564 famam
525 2527 542 2563 a
557 2509 686 2582 patribus
706 2508 893 2582 accepissent.
936 2508 1085 2565 Hanniba-

141 2586 199 2644 lem
213 2605 328 2662 quoque
342 2605 379 2643 ex
394 2587 457 2645 acie
472 2586 639 2644 redeuntem
653 2585 760 2641 dixisse
775 2584 879 2652 ferunt,
891 2585 1007 2641 tandem
1021 2605 1087 2642 cam

141 2666 259 2735 nubem,
274 2684 340 2740 quae
360 2665 460 2722 sedere
474 2667 505 2722 iu
522 2666 603 2741 jugis
624 2664 764 2721 montium
778 2663 861 2720 solita
881 2663 926 2733 sit,
941 2682 1009 2720 cum
1024 2682 1086 2740 pro-

141 2745 218 2801 cella
232 2745 356 2800 imbrem
370 2743 492 2801 dedisse.
1097 2743 1136 2799 30

181 2821 294 2880 XXXI.
316 2821 396 2879 Dum
427 2823 491 2880 baec
518 2832 660 2900 geruntur
687 2822 717 2879 in
745 2821 838 2890 Italia,
859 2820 914 2878 Cn.
943 2821 1087 2880 Servilius

143 2900 287 2958 Geminus
301 2902 403 2959 consul
424 2919 493 2960 cum·
514 2903 616 2971 classe,
632 2911 750 2959 centum
765 2901 867 2978 viginti
887 2902 1015 2972 navium,
1031 2901 1086 2957 cir-

142 2990 315 3038 cumvectus
329 2981 471 3037 Sardiniae
484 2990 513 3038 et
532 2981 762 3051 corsicanorum,
779 2991 807 3038 et
825 2979 971 3038 obsidibus
987 2981 1086 3038 utrim-

142 3078 198 3136 que
224 3060 362 3135 acceptis,
383 3061 413 3115 in
438 3059 573 3116 Africam
600 3061 776 3132 transmisit3
810 3069 838 3117 et
862 3061 1032 3140 priusquam
1056 3061 1087 3117 iu

124 3182 126 3187 .
142 3139 336 3196 continentem
351 3139 567 3196 exscensionem
582 3138 700 3209 faceret,
716 3139 832 3216 Menige
854 3140 950 3196 insula
964 3149 1085 3209 vastata,
1097 3141 1137 3195 ³5

142 3226 171 3276 et
184 3218 221 3274 ab
240 3217 434 3275 incolentibus
447 3218 611 3288 Cercinam,
626 3237 663 3276 ne
684 3229 713 3276 et
726 3221 854 3296 ipsorum
872 3228 1006 3275 ureretur
1020 3219 1086 3275 diri-

141 3305 318 3372 pereturque
332 3315 412 3374 ager,
427 3297 529 3354 decem
542 3297 657 3356 talentis
672 3299 785 3376 argenti
800 3297 936 3371 acceptis,
953 3297 989 3352 ad
1003 3297 1087 3353 litora

143 3373 256 3433 llsricae
267 3379 389 3433 accessit
403 3376 558 3452 copiasque
573 3378 712 3453 exposuit.
755 3374 825 3433 Inde
840 3373 875 3431 ad
890 3373 1087 3450 populandum
1184 3374 1186 3379 '

143 3471 247 3530 agrum
269 3453 349 3512 ducti
369 3455 484 3526 milites,
504 3455 682 3531 navalesque
702 3455 773 3513 socii
791 3454 876 3530 juxta
896 3452 990 3521 effusi,
1005 3471 1041 3508 ac
1061 3453 1086 3510 si

142 3532 247 3590 insulis
261 3534 407 3590 cultorum
428 3534 579 3611 egentibus
600 3535 807 3611 praederentur.
850 3530 952 3606 Itaque
973 3531 1003 3602 in
1018 3531 1084 3588 insi·
1096 3531 1135 3589 40

142 3609 205 3669 dias
218 3622 328 3669 temere
350 3614 432 3681 illati,
448 3633 515 3670 cum
537 3633 554 3670 a
576 3613 774 3688 frequentibus
788 3609 927 3686 palantes,
943 3619 971 3666 et
992 3610 1087 3686 ignari

143 3690 180 3747 ab
198 3692 329 3749 locorum
343 3694 443 3770 guaris
457 3694 746 3760 circumvenirentur,
762 3709 830 3747 cum
851 3689 943 3746 multe
958 3689 1036 3746 caede
1051 3708 1087 3748 uc

143 3766 221 3826 fmda
236 3770 307 3847 fuga
321 3784 397 3828 retro
412 3771 447 3828 ad
462 3791 552 3828 naves
566 3771 706 3847 compulsi
721 3779 797 3828 sunt.
840 3769 889 3826 Ad
905 3769 982 3825 mille
997 3769 1086 3828 homi-

144 3866 222 3919 num,
237 3869 307 3907 cum
327 3851 363 3907 iis
383 3851 552 3927 Sempronio
570 3850 664 3908 Blaeso
685 3859 825 3928 quaestore
847 3851 960 3919 amisso,
975 3848 1086 3920 classis,

394 3945 397 3951 ·
621 3933 658 3986 15
