2717 4292
486 375 572 418 nnus
593 375 614 416 1.
655 376 721 418 oss.
736 377 829 418 mn.
1111 369 1151 438 m
1215 369 1223 378 “

157 524 248 585 gnere
264 485 363 582 coepit,
376 514 405 563 et
418 505 505 564 avitae
522 506 623 582 gloriae
636 525 754 578 memor,
766 517 795 565 et
807 508 878 585 quis
891 509 984 585 proxi·
1029 527 1060 572 u.
1074 529 1103 572 ο.

156 604 237 642 mum
266 594 531 661 regnum-cetere
561 587 791 662 egregium-sb
821 604 880 644 uns
902 598 983 664 perte
1032 594 1101 650 114.

156 661 235 721 haud
258 663 329 720 satis
347 682 516 740 prosperum
539 663 641 735 fueret,
662 675 713 722 sut
733 664 873 743 neglectis
887 668 982 744 religi·
1026 688 1057 728 Δ.
1073 689 1101 729 o.

156 745 270 812 onibus,
293 753 344 800 aut
364 761 453 818 preve
474 743 571 813 cultis
591 743 736 821 longeque
750 745 981 820 antiquissimum
1031 753 1101 808 638.

156 833 246 892 rutus,
262 839 348 878 sacre
368 822 494 897 publico,
510 830 541 879 ut
562 822 598 878 ab
620 822 722 880 Numa
739 824 870 880 institute
890 836 982 895 erant,
1111 833 1131 887 5

156 899 265 970 fucere,
288 901 386 957 omnis
410 919 445 957 es
472 919 509 957 ex
537 903 752 960 commentariis
776 902 853 978 regis
879 905 1044 978 pontificem
1072 908 1101 964 in

155 979 257 1036 slbum
275 980 523 1054 elsts'proponere
537 979 567 1035 in
590 980 705 1056 publico
722 981 814 1057 jubet.
850 979 920 1039 Inde
940 993 969 1040 et
988 985 1102 1043 civibus

154 1060 205 1117 otii
220 1058 341 1134 cupidis
354 1066 382 1114 et
396 1058 524 1115 finitimis
539 1059 711 1130 civitatibus,
724 1059 801 1117 sacta
815 1079 889 1136 spes,
900 1062 931 1118 in
945 1063 992 1119 avi
1007 1081 1101 1122 mores

155 1147 242 1212 etque
253 1137 383 1194 instituta
394 1154 492 1213 regern
507 1137 662 1195 abiturum.
687 1138 781 1216 Igitur
794 1138 901 1210 Latini,
913 1159 981 1198 cum
995 1144 1100 1218 quibus

146 1215 245 1274 'Tullo
260 1224 400 1292 regnante
413 1217 504 1273 ictum
520 1215 614 1274 foedus
635 1226 707 1288 erat,
722 1218 899 1276 sustulerant
912 1221 1039 1279 snimos:
1061 1232 1098 1292 et,
1111 1225 1148 1280 10
1176 1289 1180 1294 ,

154 1313 222 1352 omn
236 1294 434 1352 incursionem
448 1295 478 1352 in
492 1314 596 1372 agrum
611 1296 776 1355 Romanum
790 1296 934 1368 fecissent,
947 1302 1098 1376 repetenti-

154 1374 209 1432 bus
232 1393 281 1430 1es
305 1373 445 1431 Romanis
469 1375 594 1451 superbe
621 1393 792 1452 responsum
819 1375 950 1447 reddunt,
972 1378 1099 1436 desidem

154 1451 321 1510 Romanurn
335 1470 435 1528 regem
454 1453 530 1510 inter
550 1453 660 1511 sacella
681 1463 710 1512 et
730 1472 796 1512 eras
815 1447 951 1512 acturum
970 1476 1034 1515 esse
1055 1477 1099 1516 re·

153 1551 244 1607 gnum
266 1532 332 1590 rati.
375 1529 506 1589 Medium
520 1542 583 1590 erst
593 1533 623 1589 in
638 1533 725 1591 Anco
737 1533 897 1611 ingenium,
908 1543 937 1592 et
950 1535 981 1592 N
983 1555 1059 1592 umae
1071 1545 1100 1594 et

154 1611 273 1668 Romuli
296 1629 425 1668 memor:
455 1619 494 1682 et,
507 1621 701 1688 praeterqusm
723 1612 799 1689 quod
824 1613 871 1671 svi
894 1631 983 1691 regno
1006 1616 1100 1692 magis
1112 1619 1148 1673 15

152 1691 350 1748 necessariam
374 1688 463 1748 fuisse
488 1709 591 1768 pacem
618 1691 763 1762 credebat,
785 1710 855 1749 cum
874 1692 905 1749 in
932 1711 1014 1764 novo,
1035 1702 1098 1752 turn

152 1768 243 1826 feroci
254 1769 367 1847 populo,
379 1770 476 1839 etism,
488 1769 563 1846 quod
577 1769 620 1827 illi
630 1771 797 1848 contigisset
805 1771 904 1841 otium,
916 1773 978 1830 sine
991 1773 1099 1850 injuris

46 1867 51 1876 ·
151 1849 180 1905 id
195 1868 226 1906 se
241 1848 320 1905 haud
337 1848 423 1906 facile
444 1848 628 1906 habiturum:
650 1851 754 1908 tentari
775 1851 951 1926 patientiam,
966 1861 995 1916 et
1007 1861 1098 1910 teuts-

150 1937 211 1984 tam
232 1927 387 1997 contemni,
401 1937 587 2004 temporaque
609 1947 671 1986 esse
685 1928 776 1986 Tullo
796 1930 859 2006 regi
880 1931 990 2006 aptiore
1010 1950 1098 2007 quem

151 2006 271 2064 Numae.
314 2007 354 2066 Ut
377 2016 484 2076 tamen,
504 2008 640 2083 quonism
663 2008 766 2065 Numa
789 2008 820 2064 in
844 2027 916 2084 psce
943 2009 1147 2087 religiones20

150 2085 330 2156 instituisset,
344 2105 402 2144 asc
414 2086 527 2143 bellicae
536 2088 709 2144 caerimoniae
720 2086 926 2163 proderentur;
942 2106 997 2145 nec
1015 2107 1097 2166 gere·

150 2175 254 2222 rentur
267 2165 371 2235 solum,
386 2164 436 2222 sed
451 2165 538 2222 etism
552 2165 749 2224 indicerentur
763 2167 840 2224 bella
857 2165 954 2242 aliquo
968 2167 1035 2237 ritu,
1047 2167 1097 2245 jus

150 2244 187 2301 ab
209 2245 329 2320 entique
353 2253 439 2321 gente
462 2245 632 2320 AEquicolis‚
647 2244 724 2322 quod
745 2263 824 2303 nunc
847 2242 960 2302 fetiales
980 2247 1095 2317 hsb'ent,

149 2323 310 2400 descripsit,
332 2343 390 2400 quo
418 2341 464 2380 res
491 2334 669 2400 repetuntur.
720 2323 860 2401 Legatus‚
882 2325 932 2381 ubi
960 2325 996 2382 sd
1023 2325 1096 2383 fines

149 2421 253 2460 eorum
267 2403 355 2472 vonit,
372 2402 448 2459 unde
462 2420 508 2459 res
523 2412 701 2479 repetuntur,
713 2405 808 2479 cupite
823 2403 917 2460 velato
931 2403 1096 2461 filo-lsnae
1105 2409 1144 2462 25

149 2481 285 2538 velamen
300 2487 404 2539 est-“
415 2481 491 2551 sudi,
506 2480 523 2537 J
525 2481 668 2558 uppitcr,''
684 2483 786 2558 inquit,
802 2488 821 2516 “
830 2482 937 2551 audite,
951 2481 1097 2551 fines,'’-

149 2561 364 2636 cujuscumque
378 2561 471 2636 gentis
482 2571 558 2630 sunt,
570 2563 758 2617 nominat-‘¹
768 2559 866 2616 audiat
880 2558 941 2616 sss:
962 2579 1017 2634 ego
1030 2578 1096 2616 sum

149 2638 287 2716 publicus
310 2641 430 2696 nuntius
453 2639 551 2716 populi
575 2637 719 2694 Romani:
746 2637 824 2711 juste
851 2637 955 2714 pieque
982 2637 1097 2712 legatus

149 2719 244 2787 venio,
257 2717 411 2794 verbisque
425 2719 497 2776 meis
511 2717 583 2774 fides
597 2715 666 2774 sit.'’
699 2715 819 2791 Peragit
829 2714 932 2771 deinde
942 2715 1094 2790 postulata.

149 2794 220 2854 Inde
241 2795 344 2854 Jovem
365 2805 467 2854 testem
487 2794 574 2853 fecit:
597 2796 649 2853 “si
663 2814 719 2872 ego
739 2793 845 2870 injuste
866 2793 1010 2869 impieque
1032 2793 1096 2851 illos
1106 2797 1142 2853 80

148 2875 281 2934 homines
294 2876 418 2951 illasque
433 2894 479 2932 res
493 2875 593 2932 dedier
606 2874 676 2931 mihi
688 2891 818 2950 exposco,
826 2882 891 2930 tum
906 2873 1006 2949 pstriae
1019 2891 1095 2931 ccm-

148 2965 245 3032 potem
260 2973 306 3012 me
320 2973 481 3029 numquam
494 2955 561 3012 stris
579 2952 676 3012 esse.’'
715 2952 798 3022 Haec,
814 2971 882 3010 cum
902 2953 975 3010 fines
996 2971 1094 3028 suprs-

148 3033 272 3104 scandit,
288 3033 360 3103 haec‚
376 3033 554 3109 quicumque
568 3034 596 3090 ei
610 3033 722 3109 primus
735 3032 780 3089 vir
798 3031 899 3088 obvius
914 3030 1009 3100 fuerit,
1022 3031 1093 3102 haec,

147 3122 261 3189 portem
284 3111 460 3189 ingrediens,
481 3113 553 3182 haec,
576 3110 671 3169 forum
695 3112 852 3188 ingressus,
875 3111 978 3186 paucis
998 3109 1095 3166 verbis

146 3191 290 3250 carminis
304 3189 543 3266 concipiendique
554 3189 746 3267 jurisjurandi
760 3190 887 3258 mutetis,
898 3188 1020 3264 peregit.
1063 3187 1094 3246 Si
1105 3191 1140 3246 35

146 3287 205 3328 non
220 3269 376 3338 deduntur,
391 3285 463 3345 quos
478 3271 620 3345 exposcit,
635 3269 737 3327 diebus
749 3268 842 3324 tribus
855 3276 885 3325 et
897 3266 1095 3342 triginta-tot

145 3350 227 3406 enim
241 3348 398 3406 sollemnes
412 3349 651 3424 sunt-peractis,
666 3347 776 3418 bellum
790 3345 831 3402 its
846 3344 964 3402 indicit:
985 3337 1095 3400 “Audi

145 3426 284 3504 Juppiter
297 3435 326 3484 et
339 3436 371 3484 tu
385 3425 403 3483 J
406 3446 471 3496 uno,
480 3426 605 3492 Quirine
616 3427 714 3503 diique
725 3442 825 3482 omnes
838 3421 977 3488 caelestes,
987 3438 1094 3494 vosque

146 3515 311 3575 terrestres,
327 3524 436 3582 vosque
457 3505 563 3562 inferni
578 3505 692 3563 cudite:
714 3522 768 3579 ego
781 3520 833 3558 vos
845 3509 942 3567 testor,
957 3497 1094 3574 populum

146 3584 476 3660 illum''—quicumque
498 3594 550 3655 est,
565 3579 902 3655 nominet-“injustum
923 3595 986 3633 esse
1000 3583 1141 3653 neque40

143 3663 195 3738 jus
210 3664 388 3740 persolvere.
430 3663 487 3720 Sed
502 3663 538 3720 de
559 3664 620 3720 istis
635 3663 722 3719 rebus
735 3661 766 3717 in
780 3657 874 3734 patria
887 3656 1011 3737 majores
1024 3665 1095 3713 natu

145 3743 346 3812 consulemus,
361 3761 418 3818 quo
439 3751 522 3819 pacto
538 3742 588 3818 jus
601 3750 731 3798 nostrum
751 3732 979 3812 adipiscemur.''
1020 3733 1095 3792 Cum

146 3821 192 3879 his
206 3818 330 3880 nuntius
339 3821 468 3879 Romam
483 3821 518 3878 ad
529 3819 738 3879 consulendum
748 3815 831 3896 redit.
872 3812 1030 3872 Confestim
1044 3829 1096 3870 rex

147 3917 185 3959 ex
198 3901 246 3958 his
268 3899 360 3958 ferme
375 3900 471 3958 verbis
492 3910 589 3976 potres
607 3896 792 3956 consulebat:
814 3899 967 3968 “querum
987 3906 1096 3956 rerum,
