2717 4292
439 289 525 332 urar
547 291 620 340 mr
663 293 729 333 aar.
744 293 817 336 xxv.
1064 275 1123 338 165

121 439 194 482 curn
212 421 384 481 vanioribus
404 420 507 480 litteris
527 424 660 500 magistri
682 425 812 501 equitum
835 424 959 485 Romam
983 425 1077 505 perla-

163 582 264 640 XXV.
287 579 334 638 De
347 581 384 638 iis
398 581 486 639 rebus
499 601 627 658 persaepe
641 592 670 640 et
691 585 720 639 in
735 593 837 642 senatu
852 586 924 643 etin
938 588 1076 646 concione

121 672 223 718 actum
244 671 299 719 est.
343 660 428 730 Cum,
452 661 519 718 laeta
539 663 666 732 civitate,
688 662 809 720 dictator
830 683 906 722 unus
926 667 998 724 nihil
1020 686 1075 725 nec

121 740 210 798 sarnae
224 760 282 798 nec
295 741 399 797 litteris
413 739 562 813 crederet3
586 751 618 798 ut
632 761 702 799 vera
716 744 813 800 omnia
827 755 931 815 essent,
946 745 1104 804 secundas»

119 839 153 878 se
167 822 266 897 magis
279 838 369 896 quam
384 819 508 877 adversa
527 821 630 878 timere
644 821 773 880 diceret:
794 831 856 879 tum
878 822 919 879 M.
937 823 1075 883 Metellus

119 901 260 957 tribunus
280 900 382 975 plebis,
396 898 427 956 id
449 900 527 956 enim
548 898 700 957 ferendum
715 920 778 959 esse
799 911 902 979 negat:
924 921 981 961 uon
1003 923 1073 980 prae-

119 991 235 1037 scntem
250 980 345 1036 solum
366 978 534 1036 dictatorern
550 980 692 1037 obstitisse
707 982 750 1038 rei
771 982 843 1038 bene
863 981 1008 1059 gerendae‚
1023 983 1074 1040 sed

120 1059 274 1116 absentem
296 1059 385 1116 etiam
406 1071 496 1136 gestae
518 1059 641 1129 obstare,
667 1070 696 1118 et
718 1061 747 1116 iu
775 1060 908 1118 ducendo
934 1061 1010 1119 bello
1038 1081 1073 1120 aa

120 1139 226 1196 sedulo
247 1148 361 1215 tempus
382 1148 486 1207 terere,
501 1157 558 1213 quo
571 1138 681 1197 diutius
695 1140 725 1196 in
739 1141 911 1218 magistratu
925 1142 961 1199 sit
982 1142 1122 1202 solus-10

120 1236 179 1294 que
203 1226 232 1275 et
256 1217 359 1276 Romae
382 1218 460 1276 etin
484 1218 616 1275 exercitu
638 1219 794 1294 imperium
815 1220 936 1278 habeat:
966 1222 1073 1297 quippe

121 1297 279 1355 consulum
293 1297 416 1354 alterum
434 1298 465 1352 in
479 1297 543 1354 acie
558 1297 708 1367 cecidisse,
723 1298 848 1356 alterum
862 1300 959 1376 specie
970 1300 1073 1358 classis

121 1375 245 1434 Punicae
263 1375 472 1452 persequendae
493 1375 596 1452 procul
617 1377 654 1433 ab
677 1375 763 1434 Italia
787 1377 971 1454 ablegatum:
1001 1378 1073 1436 duos

120 1464 261 1532 praetores
274 1455 378 1513 Sicilia
391 1464 477 1531 atque
498 1455 635 1513 Sardinia
647 1464 815 1532 occupatos,
830 1474 954 1530 quorum
968 1467 1074 1515 neutra

120 1533 178 1592 hoc
196 1544 326 1611 tempore
345 1534 496 1611 provincia
516 1543 637 1610 praetore
651 1545 753 1611 egeat:
775 1534 817 1591 M.
834 1533 997 1594 Minucium
1012 1554 1072 1592 ma-
1085 1539 1121 1594 15

120 1614 249 1691 gistrum
270 1614 411 1690 equitum,
432 1633 469 1671 ne
488 1613 599 1670 hostem
617 1613 737 1684 videret,
760 1613 880 1690 nequid
896 1614 938 1671 rei
960 1614 1073 1672 bellioae

121 1706 249 1770 gereret,
263 1713 351 1771 prope
372 1695 402 1750 in
417 1692 577 1751 custodiam
591 1693 740 1750 habitum:
761 1693 859 1769 itaque
873 1693 993 1752 hercule
1014 1712 1072 1751 non

121 1773 277 1830 Samnium
299 1773 391 1842 modo,
416 1792 474 1849 quo
494 1773 557 1848 jam
578 1781 728 1848 tamquam
749 1781 829 1830 trans
856 1772 972 1831 Iberum
1001 1792 1072 1850 agro

121 1851 222 1910 Poenis
241 1871 413 1910 concessum
433 1852 479 1922 sit,
494 1851 544 1909 se'd
566 1860 595 1909 et
617 1853 800 1929 Campanum
821 1852 1022 1928 Calenumque
1043 1861 1072 1910 et

124 1931 284 1990 Falernum
299 1951 405 2009 agrum
426 1941 603 2008 pervastatos
623 1951 696 2001 esse,
712 1931 821 1989 sedenti
842 1932 963 1989 Casilini
982 1931 1070 1989 dicta-
1081 1936 1121 1990 20

121 2023 183 2069 tore
206 2022 236 2070 et
258 2012 421 2089 legionibus
443 2011 541 2087 populi
565 2010 691 2068 Romani
711 2030 814 2088 agrum
840 2029 926 2067 suum
949 2019 1069 2068 tutante.

121 2089 296 2150 Exercitum
324 2092 491 2168 cupientem
518 2109 649 2167 pugnare
681 2100 710 2148 et
737 2091 908 2167 magistrum
940 2091 1071 2165 equitum

121 2171 239 2229 clausos
263 2190 350 2248 prope
375 2172 451 2227 intra
475 2171 586 2228 vallum
611 2179 744 2240 retentos,
771 2180 918 2245 tamquam
943 2169 1071 2227 hostibus

121 2252 247 2328 captivis
261 2270 343 2308 arma
358 2250 508 2327 adempta:
529 2249 655 2319 tandem,
668 2258 700 2307 ut
715 2251 887 2308 abscesserit
899 2249 966 2306 inde
981 2248 1071 2313 dictae

121 2339 175 2400 tor,
191 2340 223 2388 ut
245 2330 392 2388 obsidione
414 2329 558 2397 liberatos,
580 2338 662 2387 extra
676 2328 788 2387 vallum
809 2348 939 2406 egressos
962 2328 1070 2386 fudisse
1080 2334 1119 2388 25

122 2428 157 2466 ac
172 2409 292 2488 fugasse
306 2391 410 2467 bostes.
441 2408 525 2474 Quas
538 2408 575 2466 ob
589 2427 644 2478 res,
656 2409 681 2466 si
697 2410 832 2484 antiquus
847 2409 962 2465 animus
977 2409 1071 2484 plebei

122 2488 264 2548 Romanae
278 2499 363 2559 essct,
379 2488 528 2547 audaciter
545 2507 576 2545 se
597 2488 726 2545 laturum
748 2487 836 2545 fuisse
857 2486 892 2544 de
907 2486 1071 2564 abrogando

121 2568 160 2634 Q.
177 2569 265 2627 Fabii
285 2569 423 2645 imperio:
444 2587 524 2625 nunc
545 2567 689 2624 modicam
710 2567 885 2642 rogationem
907 2565 1070 2642 promulga-

121 2658 222 2706 turum
245 2648 281 2706 de
303 2647 444 2724 anquando
465 2647 597 2724 magistri
619 2646 751 2722 equitum
771 2655 800 2702 et
822 2643 968 2702 dictatoris
990 2644 1088 2719 jure„
1118 2647 1120 2651 '

122 2727 188 2789 Nec
209 2740 308 2786 tamen
323 2747 360 2785 ne
381 2729 421 2785 ita
435 2727 552 2803 quidem
567 2727 648 2802 prius
666 2724 837 2782 mittendum
853 2723 888 2780 ad
910 2724 1070 2781 exercitum
1081 2727 1119 2783 ³0

122 2807 160 2874 Q.
185 2808 323 2877 Fabium,
344 2826 433 2882 quarn
454 2806 602 2864 consulem
623 2806 654 2862 iu
669 2805 767 2862 locum
780 2804 815 2862 C.
832 2802 970 2861 Flaminii
984 2802 1069 2860 suffe·

122 2889 219 2946 nisset.
243 2886 376 2944 Dictator
390 2887 577 2945 concionibus
590 2905 621 2942 se
637 2885 773 2942 abstinuit
787 2885 817 2940 in
829 2883 940 2941 actione
951 2883 1078 2941 minime

121 2968 288 3044 popularis:
309 2986 347 3024 ne
369 2967 399 3023 in
421 2975 524 3023 senatu
544 2965 661 3041 quidem
683 2965 752 3022 satis
773 2965 863 3040 aequis
885 2964 1005 3021 auribus
1019 2981 1069 3022 au-

121 3047 257 3105 diebatur
281 3056 361 3116 tunc,
385 3064 453 3104 cum
476 3046 585 3102 hostem
608 3045 705 3102 verbis
727 3044 885 3116 extolleret,
904 3044 1069 3120 bienniique

121 3127 222 3184 clades
244 3145 298 3202 per
321 3127 511 3183 temeritatem
529 3134 616 3200 atque
640 3124 785 3182 inscitiam
806 3123 915 3182 ducum
935 3133 1070 3199 acceptas
1080 3128 1118 3182 35

122 3205 254 3275 referret,
275 3206 470 3282 magistroque
490 3205 629 3280 equiturn,
644 3204 721 3280 quod
743 3213 842 3262 contra
859 3203 968 3259 dictum
983 3221 1070 3260 suurn

121 3295 290 3364 pugnasset,
306 3286 447 3342 rationem
461 3284 570 3341 diceret
584 3283 758 3341 reddendam
773 3302 846 3341 esse.
889 3281 921 3338 Si
936 3300 1024 3357 penes
1038 3301 1069 3338 se

121 3385 238 3422 summa
258 3365 374 3441 imperii
395 3364 565 3439 consiliique
587 3364 633 3434 sit,
655 3363 818 3441 propediem
840 3359 1022 3428 effecturum,
1038 3370 1070 3417 ut

120 3446 216 3502 sciant
239 3445 378 3514 homines,
403 3444 475 3501 bono
497 3444 669 3519 imperatore
697 3441 774 3498 haud
802 3440 902 3517 magni
925 3437 1069 3496 fortunam

120 3525 260 3582 momenti
285 3544 358 3593 esse,
381 3533 505 3580 mentem
529 3524 727 3597 rationemque
741 3519 891 3588 dominari,
907 3529 935 3576 et
955 3518 985 3575 in
1000 3528 1068 3575 tem·
1079 3523 1118 3578 40

120 3623 189 3681 pore
212 3614 241 3661 et
264 3605 326 3660 sine
351 3603 509 3681 ignominia
530 3621 661 3660 servasse
684 3601 853 3668 exercitum,
869 3618 957 3675 quam
979 3597 1071 3656 multa
1144 3673 1147 3680 ι

14 3704 15 3707 ’
119 3684 215 3742 millia
235 3684 362 3742 hostium
377 3681 525 3752 occidisse,
545 3682 684 3758 majorem
708 3680 832 3758 gloriam
854 3699 928 3737 esse.
970 3676 1070 3754 Hujus

120 3762 239 3842 generis
260 3763 438 3821 orationibus
460 3762 568 3821 frustra
591 3761 705 3831 habitis,
720 3770 748 3818 et
769 3757 888 3817 consule
909 3766 1006 3817 creato
1026 3755 1069 3816 M.

123 3843 216 3904 nulio
238 3843 367 3924 Regulo,
395 3861 433 3902 ue
460 3861 587 3922 presens
614 3839 649 3900 de
671 3841 742 3920 jure
770 3839 884 3918 imperii
911 3836 1079 3914 dimicaret!
