2717 4292
196 278 256 341 154
620 284 679 327 τιτι
700 281 776 325 arou

247 426 358 485 animos
379 416 774 491 Romanis‚debellatumque
793 429 1025 488 concessumque
1044 410 1197 488 propalam

246 504 282 563 de
297 506 402 561 virtute
418 520 453 557 ac
474 499 568 577 gloria
582 517 656 566 esse,
670 497 702 551 in
723 503 820 551 castra
835 491 938 549 rediit:
960 501 1094 549 ceterum
1108 491 1199 550 tacita

247 602 320 643 cura
347 583 478 639 animum
505 578 633 645 incessit,
659 574 737 651 quod
763 592 833 631 eum
861 571 937 629 duce
969 570 1198 646 haudquaquam

247 662 393 721 Flaminio
418 657 645 733 sempronioque
668 654 757 711 simili
782 650 882 709 futura
906 650 961 707 sibi
987 669 1034 707 res
1054 660 1141 720 esset,
1163 670 1199 710 ao

218 749 309 802 btum
324 740 441 797 demum
456 736 549 795 edocti
564 736 649 793 malis
663 732 789 790 Romani
803 748 904 807 parem
917 729 1078 789 Hannibali
1092 729 1199 788 ducem

247 822 427 898 quaesissent.
471 816 510 875 Et
531 814 715 892 prudentiam
735 810 863 887 quidem,
880 828 938 867 non
960 811 1029 877 vim,
1050 809 1199 867 dictatoris

247 900 392 975 extemplo
406 898 519 956 timuit:
541 894 732 952 constantiam
753 889 903 948 hauddum
922 899 1070 965 expertus,
1086 890 1199 965 agitare

249 998 284 1037 ao
304 988 416 1037 tentare
438 977 568 1035 animum
588 971 730 1030 movendo
743 970 848 1029 crebro
861 969 1198 1045 castrapopulandoque

247 1060 278 1117 iu
292 1057 386 1116 oculis
400 1057 464 1134 ejus
478 1072 563 1132 agros
577 1054 722 1111 sociorum
735 1051 842 1127 coepit:
863 1059 893 1106 et
907 1048 990 1105 modo
1004 1050 1092 1106 citato
1107 1050 1197 1125 agmi-

201 1144 237 1201 10
248 1157 285 1196 ne
299 1156 336 1195 ex
350 1144 509 1213 conspectu
524 1133 630 1201 abibat,
645 1130 729 1188 modo
743 1139 861 1207 repente
880 1129 910 1185 in
926 1128 1024 1203 aliquo
1037 1128 1117 1186 flexu
1131 1129 1197 1199 riae,

247 1219 273 1275 si
287 1216 423 1293 excipere
437 1215 601 1291 digressum
622 1212 653 1268 iu
673 1229 791 1286 aequum
805 1218 909 1285 posset,
924 1208 1059 1267 occultus
1078 1208 1198 1266 obsiste-

248 1297 307 1354 bat.
350 1295 462 1354 Fabius
486 1312 539 1370 per
559 1291 626 1349 loca
651 1290 712 1348 alta
736 1308 843 1366 agmen
868 1288 1002 1356 ducebat,
1024 1287 1140 1345 modico
1161 1288 1199 1345 ab

248 1376 329 1434 hoste
344 1374 505 1443 intervallo,
521 1385 553 1429 ut
566 1389 662 1447 neque
677 1370 820 1427 omitteret
836 1378 908 1426 'eum
922 1386 1018 1443 neque
1039 1368 1198 1444 congrede-

249 1466 347 1513 retur:
382 1454 495 1522 castris,
521 1452 578 1508 nisi
606 1460 749 1526 quantum
776 1467 848 1506 usus
875 1448 1041 1506 necessario
1068 1458 1198 1525 cogeret,

202 1535 403 1598 lbtenebatur
423 1533 517 1591 miles.
560 1530 707 1588 Pabulum
728 1538 756 1586 et
776 1528 857 1605 ligna
877 1546 933 1584 neo
954 1527 1042 1603 pauci
1063 1527 1200 1603 petebant

248 1632 305 1672 nec
320 1614 437 1691 passim.
480 1611 623 1687 Equitum
644 1609 777 1683 levisque
798 1617 956 1665 armaturae
974 1607 1068 1676 statio,
1083 1626 1199 1683 compo-

249 1694 305 1751 sita
327 1694 526 1766 instructaque
550 1691 580 1745 in
603 1689 712 1746 subitos
734 1686 887 1755 tumultus,
902 1696 931 1744 et
954 1706 1009 1743 suo
1028 1687 1113 1743 militi
1136 1696 1200 1745 tuta

249 1772 346 1828 omnia
366 1781 394 1828 et
409 1769 514 1827 infesta
535 1766 635 1826 effusis
656 1768 782 1824 hostium
803 1766 1019 1843 populatoribus
1033 1767 1199 1842 praebebat:

249 1869 345 1927 neque
360 1851 496 1908 universo
511 1848 641 1924 periculo
662 1866 778 1904 summa
792 1865 892 1903 rerum
913 1846 1155 1916 committebatur,
1171 1857 1200 1905 et

200 1938 239 1993 20
250 1948 342 2009 parva
366 1938 511 1986 momenta
535 1928 646 1985 levium
668 1927 863 1984 certaminum
886 1945 923 1983 ex
941 1935 1004 1983 tuto
1025 1935 1199 2001 coeptorum,

250 2011 429 2086 finitimoque
444 2017 574 2085 receptu,
590 2005 824 2065 assuefaciebant
841 2005 975 2062 territum
996 2006 1125 2081 pristinis
1139 2007 1199 2064 cla-

250 2090 334 2147 dibus
350 2090 472 2146 militem
492 2088 589 2144 minus
601 2087 663 2164 jam
678 2086 796 2143 taudem
811 2093 862 2142 aut
875 2085 991 2142 virtutis
1011 2095 1061 2143 out
1076 2084 1200 2144 sortunae

250 2170 387 2246 paenitere
402 2187 474 2225 suae.
516 2167 574 2224 Sed
589 2185 646 2223 nou
665 2165 863 2223 Hannibalern
878 2165 973 2242 magis
986 2164 1125 2222 infestum
1139 2175 1200 2223 tam

250 2248 330 2305 sanis
354 2245 485 2304 consiliis
508 2244 634 2303 habebat
655 2264 745 2321 quam
769 2244 942 2321 magistrum
966 2246 1117 2320 equitum3
1148 2247 1201 2321 qui

200 2335 239 2388 25
249 2326 322 2383 nihil
338 2326 427 2395 aliud,
442 2344 532 2401 quam
552 2324 629 2400 quod
650 2326 745 2399 impar
758 2335 821 2381 erat
836 2324 966 2399 imperio,
982 2342 1070 2381 morae
1085 2324 1120 2381 ad
1138 2342 1201 2383 reru

251 2406 398 2483 publicam
427 2403 662 2483 praeoipitandam
690 2404 822 2473 babebat,
852 2402 933 2460 ferox
966 2403 1141 2480 rapidusque
1169 2405 1201 2461 in

250 2486 379 2549 consiliis
394 2504 429 2543 ae
444 2485 546 2563 lingua
565 2482 747 2541 immodicus.
790 2483 888 2541 Primo
907 2484 984 2540 inter
998 2501 1116 2560 paucos,
1131 2484 1201 2541 dein

251 2566 401 2643 propalam
426 2566 456 2621 iu
482 2565 590 2642 vulgus
617 2582 669 2641 pro
693 2572 862 2620 cunctatore
885 2581 1015 2639 segnem,
1037 2582 1089 2640 pro
1113 2577 1202 2621 cauto

251 2646 393 2716 timidum,
416 2645 558 2722 affingens
585 2644 684 2701 vicina
712 2644 867 2700 virtutibus
891 2644 971 2712 vitia,
996 2642 1200 2720 compellabat,

202 2732 241 2786 80
252 2724 466 2802 premendoque
481 2724 669 2800 superiorem,
680 2742 746 2798 quae
757 2723 883 2798 pessima
894 2741 942 2779 ars
956 2722 1043 2780 nimis
1057 2724 1203 2799 prosperis

252 2806 409 2862 multorum
425 2803 610 2861 successibus
625 2804 726 2872 crevit,
742 2822 805 2859 sese
820 2801 985 2859 extollebat.

293 2883 373 2940 XIll.
397 2881 545 2939 Hannibal
561 2900 597 2938 ex
620 2881 753 2957 Hirpinis
767 2883 798 2938 in
812 2881 964 2938 Samnium
978 2881 1091 2951 transit,
1106 2882 1201 2941 Bene-

253 2971 411 3019 ventanum
439 2961 631 3039 depopulatur
659 2979 773 3037 agrum,
802 2961 953 3019 Telesiam
981 2962 1084 3018 urbem
1112 2964 1202 3039 capit,

252 3042 345 3098 irritat
369 3042 456 3097 etiam
481 3041 516 3097 de
541 3040 684 3098 industria
707 3042 821 3110 ducem,
841 3041 866 3098 si
886 3039 960 3099 forte
981 3060 1141 3099 accensum
1161 3051 1203 3101 tot

202 3127 241 3183 35
252 3120 472 3199 indignitatibus
500 3119 632 3177 cladibus
660 3122 805 3178 sociorum
837 3120 989 3179 detrahere
1019 3120 1056 3178 ad
1083 3140 1203 3197 aequum

252 3212 401 3260 certamen
429 3200 526 3276 possit.
583 3199 662 3258 Inter
686 3199 901 3258 multitudinem
932 3202 1076 3259 sociorum
1104 3200 1203 3259 Italici

251 3282 377 3361 generis
394 3281 444 3356 qui
460 3280 495 3338 ad
518 3278 727 3337 Trasimenum
741 3280 820 3358 capti
841 3281 878 3337 ab
893 3279 1060 3338 Hannibale
1076 3280 1201 3338 dimissi-

251 3382 309 3438 que
325 3360 448 3431 suerant,
463 3370 522 3418 tres
536 3359 678 3437 Campani
700 3362 811 3437 equites
832 3370 924 3431 erant,
940 3360 1039 3418 multis
1057 3360 1199 3435 jamtum

252 3442 343 3499 illecti
354 3441 435 3498 donis
450 3440 654 3517 promissisque
665 3439 842 3497 Hannibalis
856 3440 892 3497 ad
906 3440 1103 3498 conciliandos
1114 3460 1202 3517 popu-

147 3528 156 3533 ’
205 3531 240 3583 40
252 3520 358 3579 larium
373 3521 494 3578 animos
537 3519 578 3577 Hi
594 3520 770 3589 nuntiantes,
785 3519 810 3577 si
831 3521 862 3576 in
881 3519 1073 3598 Campaniam
1087 3521 1202 3591 exerci-

252 3611 314 3658 tum
336 3601 518 3670 admovisset,
541 3599 651 3677 Capuae
672 3598 814 3677 potiendae
834 3600 948 3675 copiam
972 3599 1042 3670 iore,
1063 3618 1135 3657 cum
1156 3619 1203 3657 res

252 3681 345 3756 major
359 3700 446 3755 quam
462 3689 594 3737 auctores
609 3690 693 3749 esset,
708 3680 829 3736 dubium
850 3679 1048 3737 Hannibalern
1069 3680 1203 3737 alternis-

251 3776 310 3833 que
326 3758 460 3815 fidentem
475 3772 512 3815 ae
524 3758 711 3828 diffidentem,
722 3769 830 3829 tamen,
843 3768 875 3816 ut
888 3758 1054 3837 Campanos
1067 3778 1105 3817 ex
1120 3760 1202 3817 Saur-

251 3834 301 3893 nio
328 3844 447 3912 peteret,
469 3846 639 3894 moverunt:
669 3839 800 3909 monitos,
823 3848 856 3897 ut
883 3838 972 3897 etiam
996 3849 1086 3916 atque
1113 3840 1203 3898 etiarn
