2717 4292
196 262 254 322 114
607 264 665 305 r1r1
686 264 759 305 anm

200 423 204 427 ·
242 394 344 455 itinere
358 404 444 472 atque
453 394 547 471 operis
555 394 653 452 labore
662 392 756 453 fessus
769 396 867 471 quiete
875 394 963 451 unius
975 392 1035 452 diei
1045 392 1184 470 refieitur,

178 531 180 539 ,
242 476 350 533 intento
370 474 445 533 duee
466 473 502 531 ad
518 473 671 531 consilium
685 484 842 550 opportune
859 472 1087 553 exsequendum.
1132 473 1184 533 Po-

177 540 205 607 ><
242 564 317 612 stero
330 553 376 611 die
391 547 510 630 profecti
525 572 561 609 ex
575 552 638 610 loco
652 552 761 628 prodito
774 552 854 610 fumo
867 552 1034 629 significant
1047 555 1185 624 transisse

242 644 271 691 et
291 632 367 690 baud
389 631 490 708 procul
512 631 623 690 abesse.
665 630 751 696 Quod
772 630 822 688 ubi
843 630 955 708 aceepit
973 629 1132 701 Hannibal,
1147 650 1185 689 ne

213 712 362 788 5tempori
376 710 497 768 deesset.
508 710 556 767 dat
570 711 686 787 signum
700 708 737 766 ad
751 709 965 787 trajiciendum.
987 707 1004 765 J
1007 728 1055 766 am
1069 721 1185 787 paratas

243 800 410 867 aptatasque
433 789 556 846 habebat
580 788 666 867 pedes
691 788 802 846 lintres.
844 788 967 864 Equites
989 787 1049 846 fere
1069 799 1186 866 propter

241 880 333 947 equos
351 878 453 926 nantes
467 868 586 925 navium
607 885 713 945 agmen
727 866 762 924 ad
784 867 989 944 excipiendum
1003 867 1118 925 adversi
1130 869 1184 925 im·

242 958 341 1025 petum
352 947 478 1005 fluminis
489 956 569 1023 parte
577 947 726 1023 superiore
734 947 937 1016 transmittens,
946 946 1185 1023 tranquillitatem

160 1042 161 1047 ’
242 1026 319 1084 infra
342 1025 552 1103 trajicientibus
573 1025 709 1083 lintribus
732 1024 886 1101 praebebet.
942 1024 1093 1102 Equorum
1117 1045 1186 1103 pars

195 1111 231 1167 10
242 1115 464 1183 magnanantes
487 1104 587 1161 lorisa
611 1103 754 1181 puppibus
776 1104 972 1174 trahebantur,
997 1113 1102 1181 praeter
1125 1124 1185 1175 eos,

192 1248 193 1251 Ἴ
241 1203 313 1261 quos
334 1185 467 1242 instratos
488 1181 678 1260 frenatosque,
695 1192 727 1239 ut
743 1182 887 1259 extemplo
904 1201 1021 1260 egresso
1038 1183 1069 1239 in
1091 1184 1184 1261 ripum

241 1263 332 1340 equiti
346 1263 412 1321 usui
427 1271 531 1333 essent,
545 1263 741 1338 imposuerant
753 1262 784 1319 in
797 1280 896 1319 naves.
940 1260 1080 1321 XXVIII.
1104 1261 1185 1321 Galli

241 1351 396 1401 occursant
412 1342 443 1398 in
460 1342 553 1417 ripam
567 1360 635 1400 eum
650 1340 739 1399 variis
753 1340 912 1398 ululatibus
925 1352 1071 1419 cantuque
1092 1342 1182 1399 moris

241 1422 297 1492 sui,
318 1422 479 1498 quatientes
501 1428 584 1477 scuta
607 1438 695 1497 super
718 1421 814 1497 capita
834 1420 1038 1498 vibrantesque
1060 1419 1185 1478 dexteris

195 1504 232 1560 15
242 1499 309 1571 tela,
321 1518 499 1577 quamquam
513 1518 548 1557 ex
563 1498 685 1556 adverso
698 1499 822 1557 terrebat
835 1508 915 1556 tanta
923 1500 967 1556 vis
981 1499 1102 1557 navium
1116 1519 1184 1557 eum

242 1579 351 1657 ingenti
360 1598 429 1637 sono
437 1579 565 1636 fluminis
579 1587 607 1635 et
617 1578 745 1636 clamore
754 1578 834 1635 vario
843 1591 1000 1635 nautarum
1009 1588 1037 1635 et
1047 1579 1185 1649 militum,

241 1668 271 1716 et
284 1659 334 1734 qui
348 1658 513 1715 nitebantur
529 1675 717 1733 perrumpere
730 1657 869 1734 impetum
883 1658 1020 1727 fluminis,
1034 1667 1063 1715 et
1082 1658 1133 1734 qui
1148 1677 1184 1715 ex

242 1736 334 1794 altera
354 1738 416 1812 ripa
436 1736 613 1812 trajicientes
633 1752 700 1793 suos
721 1736 917 1794 hortabantur.
959 1733 1026 1793 Jam
1044 1738 1114 1794 satis
1134 1755 1185 1814 pa·

242 1824 342 1872 ventes
352 1814 471 1872 adverso
485 1814 611 1873 tumultu
625 1814 781 1872 terribilior
792 1815 828 1871 ab
842 1824 922 1892 tergo
937 1814 1053 1873 adortus
1064 1814 1185 1886 clamor,

192 1900 232 1956 20
242 1894 345 1953 castris
360 1894 396 1951 ab
410 1892 553 1951 Hannone
567 1894 676 1970 captis:
697 1912 764 1951 mox
778 1903 807 1951 et
820 1894 881 1972 ipse
896 1894 1004 1964 aderat,
1020 1913 1185 1973 ancepsque

242 1982 335 2034 terror
350 1972 565 2044 circumstabat,
585 1982 613 2031 et
637 1973 792 2030 anavibus
812 1973 936 2031 tentavi
958 1983 1133 2031 armatorum
1154 1975 1185 2031 in

241 2062 350 2110 terram
372 2052 521 2122 evadente,
547 2062 575 2109 et
599 2051 636 2109 ab
658 2061 740 2129 tergo
761 2052 918 2127 improvisa
942 2061 1089 2128 premente
1109 2052 1183 2111 acie.

243 2130 324 2190 Galli
346 2141 496 2209 postquam
532 2143 651 2207 utroque
674 2131 732 2188 vim
755 2130 852 2189 faeere
876 2132 972 2188 conati
992 2130 1184 2207 pellebantur,

242 2229 301 2286 qua
315 2220 413 2287 patere
426 2210 522 2266 visum
536 2210 661 2267 maxime
682 2208 746 2279 iter,
761 2218 959 2285 perrumpunt,
979 2210 1140 2287 trepidique
1154 2211 1186 2268 in

193 2293 232 2348 25
242 2289 322 2346 vicos
336 2288 441 2364 passim
456 2306 523 2362 suos
537 2287 702 2365 diffugiunt.
744 2287 892 2346 Hannibal
910 2289 1015 2346 ceteris
1029 2290 1119 2365 copiis
1133 2307 1185 2366 per

242 2368 332 2504 ptium
353 2366 491 2444 trajectis,
514 2386 653 2443 spernens
671 2366 734 2443 jam
757 2366 888 2425 Gallicos
911 2367 1063 2439 tumultus,
1088 2377 1185 2426 eastra
1260 2394 1263 2397 ·

253 2456 328 2505 oeat.

218 2576 220 2580 .
281 2524 510 2603 Elephantorum
519 2525 754 2602 trajiciendorum
763 2526 845 2584 varia
853 2526 974 2584 consilia
984 2524 1072 2583 fuisse
1081 2524 1184 2584 credo.
1239 2545 1243 2552 ·

242 2615 321 2664 certe
335 2606 447 2665 variata
467 2606 606 2663 memoria
620 2614 693 2663 aetae
707 2606 759 2663 rei.
800 2605 929 2670 Quidam
950 2606 1134 2683 congregatis
1148 2604 1185 2663 ad
1231 2657 1236 2666 .

108 2728 116 2747 .
193 2689 232 2745 30
243 2686 335 2761 ripam
350 2684 509 2762 elephantis
523 2684 640 2744 tradunt
656 2684 865 2742 ferooimimum
886 2703 922 2741 ex
936 2684 972 2741 iis
985 2684 1131 2742 irritatum
1148 2685 1185 2741 ab

242 2774 355 2823 rectore
368 2783 429 2835 suo,
439 2783 508 2822 eum
517 2762 710 2842 refugientem
720 2764 750 2819 in
765 2782 870 2838 aquam
879 2772 995 2822 nantem
1004 2772 1184 2838 sequeretur,

242 2844 364 2900 traxisse
385 2861 514 2919 gregem,
529 2851 561 2899 ut
581 2860 726 2918 quemque
743 2841 890 2899 timentem
905 2841 1084 2898 altitudinem
1099 2841 1182 2899 desti-

242 2930 336 2978 tueret
349 2920 465 2991 vadum,
482 2921 592 2998 impetu
614 2921 675 2996 ipso
697 2921 825 2978 fluminis
846 2921 877 2977 in
891 2920 1012 2978 alteram
1033 2920 1125 2996 ripam
1139 2939 1184 2978 ra·

173 2998 181 3019 '
243 2999 288 3076 pie
307 2998 348 3056 le.
392 2998 531 3057 Ceterum
554 3000 648 3077 magis
669 3009 781 3057 constat
802 3000 913 3058 ratibus
934 2998 1086 3075 trajectos:
1109 2998 1138 3059 id
1153 3009 1183 3058 ut

194 3083 232 3139 35
242 3078 333 3135 tutius
351 3074 504 3155 consillum
519 3088 585 3136 ante
600 3096 662 3135 rem
684 3077 765 3149 foret,
779 3079 821 3136 itu
834 3088 900 3137 aeta
913 3096 944 3135 re
966 3077 1003 3135 ad
1019 3077 1107 3135 fidem
1118 3095 1184 3155 pro-

242 3157 309 3214 nius
325 3166 378 3214 est.
420 3157 525 3215 Ratem
540 3175 628 3215 unam
642 3156 780 3216 ducentos
800 3155 1029 3235 longampedes,
1044 3158 1184 3233 quinqua.

242 3235 323 3313 ginta
345 3235 443 3307 latam,
467 3256 484 3294 a
506 3236 632 3294 terrain
655 3255 770 3293 amnem
787 3245 996 3313 porrexerunt3
1027 3254 1125 3312 quam,
1147 3253 1185 3294 ne

243 3314 371 3373 secunda
386 3334 462 3391 aqua
475 3314 644 3386 deferretur,
660 3314 792 3392 pluribus
802 3314 906 3373 validis
920 3314 1090 3373 retinaculis
1103 3325 1186 3391 parte

244 3395 391 3472 superiore
414 3395 484 3471 ripae
505 3394 656 3471 religatam
675 3395 768 3471 pontis
788 3395 818 3451 in
839 3394 955 3452 modum
973 3394 1062 3451 hamo
1077 3394 1186 3469 injecta

195 3478 233 3533 40
243 3483 471 3544 constraverunt,
490 3483 522 3531 ut
535 3473 641 3531 belluae
655 3473 794 3547 audacter
808 3474 889 3531 velut
904 3493 956 3550 per
974 3473 1068 3547 selum
1089 3473 1185 3550 ingre·
1224 3492 1227 3498 ·

243 3552 390 3610 darentur.
433 3552 537 3609 Altera
558 3552 628 3610 ratis
649 3570 731 3627 aeque
752 3553 819 3622 lata,
842 3552 929 3628 longa
948 3551 1035 3627 pedes
1056 3562 1184 3621 eentum,

244 3630 280 3688 ad
297 3629 499 3705 trajiciendum
514 3632 622 3688 flumen
643 3641 719 3707 apta,
742 3631 811 3689 huic
832 3631 967 3708 copulata
980 3640 1042 3703 est;
1064 3640 1102 3700 et,
1116 3647 1186 3687 eum

243 3708 388 3785 elephanti
403 3727 454 3787 per
467 3710 599 3767 stabilem
615 3719 706 3767 ratem
726 3719 875 3785 tamquam
889 3710 976 3779 viam,
995 3707 1186 3787 praegredien-

244 3787 321 3845 tibus
340 3786 463 3857 feminis,
478 3788 537 3846 acti
556 3787 605 3845 ubi
619 3788 650 3844 in
663 3788 803 3845 minorem
818 3788 993 3866 applicatam
1013 3786 1186 3865 transgressi
