2717 4292
390 293 478 334 amsa
490 293 565 332 xm.
606 293 673 332 car.
687 293 793 344 xxm,
806 292 924 333 mvn.
1088 280 1149 344 173
1235 331 1239 338 ,

156 434 266 484 stratus
285 422 441 482 ridebatur
460 421 653 481 mandandus.
695 423 836 482 XXXVI.
857 423 1015 482 Exercitus
1033 443 1103 500 qno·

155 525 214 583 que
228 504 416 580 multiplicati
429 513 508 560 sunt.
549 503 677 568 Quantae
695 515 793 560 autem
813 503 941 580 peditum
960 505 1103 580 equitnm-

155 604 214 662 que
229 583 334 641 additae
347 584 404 640 sint
417 584 517 659 oopiae,
529 583 602 640 adeo
614 596 643 640 et
655 602 777 640 numero
790 595 819 640 et
832 603 939 660 genere
953 586 1104 658 copiarum

155 663 272 721 variant
293 673 437 731 auctores,
452 674 485 719 ut
498 664 548 718 vir
561 663 720 738 quidquam
740 663 810 719 satis
830 675 943 720 certum
956 664 1103 721 affirmare

156 762 248 800 ansus
261 742 336 799 sim:
357 741 459 799 decem
479 743 573 798 millia
590 761 732 798 novorum
746 744 871 799 militnm
886 742 936 798 alii
950 745 1059 819 scripta
1072 744 1133 802 iob

155 822 410 898 supplementum
433 821 484 879 alii
497 840 587 879 novas
599 833 736 899 quattuor
756 823 895 898 legiones,
910 832 942 878 ut
954 835 1019 880 octo
1032 823 1102 899 legi-

154 903 262 960 onibus
275 921 340 958 rem
359 911 512 977 gererent:
533 920 654 958 numero
672 921 789 977 quoque
810 902 939 978 peditum
959 903 1103 977 equitum·

153 1001 214 1060 que
227 982 358 1060 legiones
369 991 480 1051 auctas,
488 979 618 1037 millibus
630 981 759 1058 peditum
772 989 803 1039 et
815 981 945 1039 centenis
958 982 1104 1056 equitibus

154 1062 188 1118 in
202 1061 335 1139 singulas
349 1058 478 1136 adjectis,
493 1071 526 1118 ut
543 1061 634 1136 quina
647 1061 741 1117 millia
760 1061 889 1137 peditum
909 1060 1104 1138 quadringeni

155 1141 271 1216 equites
290 1148 395 1208 essent,
409 1141 482 1196 socii
503 1139 650 1216 duplicem
669 1159 825 1198 numerum
845 1141 977 1216 equitum
990 1139 1102 1210 darent,
1115 1143 1153 1199 1⁰

155 1219 261 1296 peditis
281 1228 448 1295 aequarent:
469 1229 580 1295 septem
600 1229 630 1276 et
649 1220 796 1296 octoginta
814 1220 907 1276 millia
926 1230 1104 1277 armatorum

155 1308 185 1356 et
200 1299 339 1356 ducentos
355 1298 385 1354 in
399 1299 504 1355 castris
517 1298 667 1367 Romanm
678 1317 749 1355 oum
762 1309 923 1376 pugnatum
937 1298 974 1355 ad
986 1299 1104 1356 Cannas

155 1387 209 1448 est,
218 1377 338 1453 quidam
352 1386 485 1435 auctores
498 1388 576 1435 sunt.
618 1376 696 1434 Illud
710 1376 936 1453 haudquaquam
949 1377 1103 1454 discrepat,

154 1456 266 1533 majore
289 1467 394 1514 conatu
419 1467 506 1535 atque
526 1459 636 1534 impetu
657 1476 719 1513 rem
740 1466 836 1513 aotam
854 1475 943 1531 quam
961 1457 1105 1531 prioribus

154 1537 251 1606 annis,
266 1537 337 1612 quia
354 1555 436 1611 spem
453 1556 535 1612 posse
555 1537 634 1593 vinci
655 1536 766 1592 hostem
786 1534 910 1592 dictator
929 1535 1103 1610 praebuerat.
1116 1540 1154 1594 15

154 1616 295 1674 Ceterum
316 1617 486 1691 prinsquam
506 1617 592 1693 signa
611 1615 648 1672 ab
669 1616 741 1672 urbe
762 1633 844 1672 novae
864 1614 995 1691 legiones
1008 1633 1104 1671 move-

155 1706 230 1764 rent,
245 1694 405 1753 deoemviri
425 1696 514 1752 libros
529 1695 608 1752 adire
629 1705 716 1771 atque
737 1694 881 1771 inspicere
899 1693 975 1768 jussi
989 1704 1106 1769 propter

154 1777 271 1832 territos
285 1775 374 1853 vulgo
388 1774 519 1832 homines
532 1775 614 1830 novis
628 1774 775 1853 prodigiis.
816 1773 896 1831 Nam
909 1784 939 1831 et
959 1773 1060 1830 Romae
1074 1773 1105 1829 in

155 1855 306 1912 Aventino
319 1864 348 1912 et
362 1854 474 1911 Arioiae
491 1854 656 1910 nuntiatum
670 1863 734 1911 erat
747 1853 802 1910 sub
816 1853 891 1910 idem
905 1861 1019 1929 tempus
1031 1851 1103 1929 lapi-

155 1934 242 1991 dibus
256 1933 404 2010 pluvisse;
426 1944 456 1990 et
471 1933 563 1990 mttlto
576 1952 680 1990 cruore
695 1934 779 2010 signa
792 1935 822 1990 in
836 1932 961 2002 Sabinis,
976 1932 1104 1990 Caeretes
1113 1936 1154 1991 20

155 2033 250 2090 aquas
275 2011 350 2070 fonte
372 2013 467 2069 calido
490 2011 602 2089 gelidas
626 2031 777 2069 manasse:
812 2010 842 2068 id
865 2012 983 2087 quidem
1006 2013 1103 2080 etiam,

154 2092 235 2170 quod
255 2093 361 2168 saepius
382 2091 538 2161 acciderat,
552 2091 645 2168 magis
664 2091 807 2148 terrebat:
832 2101 861 2148 et
882 2091 913 2146 in
933 2091 982 2147 via
1002 2087 1103 2146 Fomi-

155 2181 234 2241 oata,
249 2190 316 2247 quae
329 2171 366 2227 ad
379 2171 524 2248 Campum
538 2181 609 2240 erat,
625 2171 735 2246 aliquot
754 2170 885 2228 homines
898 2169 934 2226 de
948 2169 1020 2226 oaelo
1033 2169 1105 2226 tacti

155 2251 372 2326 exanimatique
401 2249 534 2309 fuerant:
563 2270 601 2307 ea
621 2250 753 2328 prodigia
777 2270 814 2307 ex
836 2249 917 2308 libris
937 2260 1101 2325 procurata.

156 2329 264 2408 Legati
287 2349 305 2387 a
326 2330 418 2388 Paesto
440 2341 554 2406 pateras
575 2348 681 2386 aureas
703 2330 836 2399 Romam,
856 2329 1035 2386 attulerunt:
1056 2330 1102 2400 iis,
1112 2334 1153 2388 2⁵

156 2411 234 2467 siout
248 2409 279 2466 N
281 2409 574 2486 eapolitanis,gratiae
588 2419 671 2478 aotae,
687 2428 792 2466 aurum
807 2428 864 2467 non
878 2418 1042 2486 acceptum.

199 2488 356 2547 XXXVII.
379 2489 436 2546 Per
460 2488 576 2545 eosdem
600 2488 662 2545 dies
687 2489 724 2544 ab
743 2487 873 2545 Hierone
895 2487 998 2544 classis
1020 2484 1104 2543 Ostia

156 2588 227 2627 oum
241 2579 522 2645 magno'oommeatu
537 2568 670 2624 accessit.
713 2565 818 2642 Legati
832 2567 862 2622 in
873 2574 1006 2622 senatum
1017 2565 1103 2620 intro

156 2647 238 2706 ducti
252 2648 440 2727 nqntiarunt:
462 2646 571 2704 caedem
588 2645 623 2703 C.
639 2645 778 2703 Flaminii
798 2643 926 2701 consulis
946 2643 1103 2699 exercitus-

156 2746 215 2805 que
231 2727 351 2784 allatam
371 2728 445 2785 adeo
457 2745 535 2803 aegre
548 2725 650 2782 tulisse
672 2743 772 2803 regem
792 2722 961 2791 Hieronem,
977 2729 1009 2778 ut
1022 2721 1154 2781 nullasu

157 2827 213 2865 sua
235 2807 351 2883 propria
373 2807 513 2883 regnique
541 2805 587 2862 sui
614 2803 698 2862 clade
723 2803 833 2860 moveri
855 2801 949 2879 magis
969 2801 1103 2877 potuerit.

157 2885 270 2962 Itaque,
285 2904 463 2962 quamquam
484 2885 572 2961 probe
586 2885 667 2955 sciat,
683 2882 912 2961 magnitudinem
931 2879 1036 2958 populi'
1048 2881 1104 2940 Ro·

157 2966 238 3023 mani
252 2965 498 3023 admirabiliorem
519 2982 607 3040 prope
621 2963 751 3021 adversis
766 2962 853 3020 rebus
866 2980 955 3038 quam
969 2960 1106 3020 secundis

158 3065 232 3115 esse,
246 3052 345 3102 tamen
366 3064 398 3102 se
417 3044 524 3113 omnia,
541 3043 647 3119 quibus
667 3062 686 3101 a
706 3043 787 3100 bonis
808 3041 999 3118 fidelibusque
1020 3042 1106 3106 sociis

158 3124 236 3182 bella
255 3124 356 3201 juvari
378 3124 498 3193 soleant,
520 3123 642 3194 misisse,
663 3142 730 3198 quae
751 3141 788 3180 ne
808 3123 944 3199 accipere
966 3121 1105 3192 abnuant,
1117 3125 1155 3180 ³5

159 3221 266 3280 magno
285 3221 372 3279 opere
393 3223 425 3260 se
446 3212 542 3280 patres
562 3203 739 3279 conscriptos
753 3221 848 3260 orare.
890 3200 957 3258 Jam
975 3202 1110 3258 omnium

158 3284 286 3360 primum
300 3283 404 3340 ominis
424 3301 515 3340 cause
528 3280 692 3340 Victoriam
708 3300 828 3339 auream
842 3279 934 3357 pondo
948 3280 1106 3336 ducentum

159 3381 195 3418 ac
218 3363 323 3439 viginti
350 3361 453 3419 afferre
480 3381 561 3419 sese:
592 3363 759 3438 acciperent
780 3379 845 3417 eam
867 3366 1055 3432 tenerentque
1078 3366 1108 3415 et

155 3437 302 3498 haberent
322 3442 466 3518 propriam
487 3450 517 3499 et
536 3452 716 3517 perpetuam.
759 3437 922 3496 Advenisse
941 3436 1028 3493 etiam
1049 3444 1105 3493 tre·

158 3528 246 3578 centa
264 3520 357 3577 millia
376 3519 503 3579 modium
523 3521 620 3590 tritici,
635 3519 761 3577 ducenta
783 3516 890 3586 hordei,
906 3534 943 3572 ne
963 3533 1105 3573 commea·
1116 3518 1155 3574 40

158 3607 206 3656 tus
220 3599 362 3670 deessent,
377 3610 415 3670 et,
429 3610 571 3676 quantum
592 3609 733 3677 praeterea
747 3616 818 3672 opus
837 3605 921 3664 esset,
936 3614 993 3671 quo
1004 3594 1105 3669 jussis-

159 3687 231 3747 sent,
247 3679 447 3751 subventuros.
490 3679 583 3736 Milite
598 3689 684 3753 atque
699 3676 794 3752 equite
809 3675 893 3744 scire,
905 3674 961 3731 nisi
975 3673 1108 3731 Romano

160 3755 317 3836 Latinique
337 3759 471 3829 nominis,
487 3777 544 3816 non
566 3758 606 3816 uti
630 3756 769 3834 populum
790 3754 974 3825 Romanum
997 3752 1108 3812 levIum

161 3852 310 3897 armornm
321 3838 432 3897 auxilia
445 3838 533 3896 etiam
546 3847 668 3895 externa
678 3835 784 3894 vidisse
798 3835 828 3892 in
842 3832 946 3894 castris
957 3831 1106 3896 Romanis.
