2717 4292
202 328 257 391 118
622 336 682 378 τιτι
702 337 777 378 mvn

247 469 394 547 ingentem
419 466 519 547 fugam
543 477 729 543 stragemque
749 466 903 525 dedissent.
954 466 1105 527 Hannibal
1124 486 1195 529 cou-

246 549 348 608 sistere
367 548 451 626 signa
462 548 568 625 jussit;
593 546 745 623 Gallisque
760 526 819 627 ἔ
811 546 931 604 visenda
944 547 1010 606 loca
1026 548 1193 625 praemissis,

187 632 193 645 '
248 637 397 705 postquam
411 628 550 704 comperit
560 628 713 684 transitum
723 641 759 684 ea
772 644 829 684 nou
843 645 916 696 esse,
928 637 1025 685 castra
1037 628 1114 685 iuter
1127 646 1195 686 con-

249 706 363 784 fragosa
371 707 469 763 omnia
479 714 690 783 praeruptaque,
700 724 789 780 quam
798 706 996 762 extentissima
1006 716 1098 783 potest
1106 708 1195 778 valle,

220 785 335 845 blooat.
371 785 450 843 Tum
464 804 516 862 per
529 783 644 843 eosdem
660 784 770 854 Gallos,
780 783 858 841 haud
869 802 939 841 sane
953 786 1078 843 multum
1093 786 1197 863 liugua

250 865 434 941 moribusque
455 864 648 932 abhorrentes,
663 882 733 920 cum
746 883 778 921 se
798 864 1023 921 immiscuissent
1043 865 1197 941 colloquiis

250 953 459 1013 montanorum,
484 942 611 1012 edoctus,
636 942 762 999 interdiu
786 952 899 1000 tautum
925 942 1050 1001 obsideri
1077 943 1196 1015 saltum,

250 1032 333 1080 nocte
360 1024 390 1079 in
417 1042 472 1080 sua
498 1040 643 1098 quemque
671 1020 760 1078 dilabi
786 1031 872 1090 tecta,
897 1021 965 1079 luce
990 1022 1084 1100 prima
1107 1023 1197 1083 subiit

249 1102 386 1172 tumulos,
403 1112 434 1160 ut
454 1120 491 1158 ex
514 1112 611 1178 aperto
636 1110 722 1176 atque
747 1100 873 1158 interdiu
893 1102 953 1157 vim
974 1120 1026 1178 per
1046 1102 1197 1179 angustias

204 1190 239 1245 ιο
251 1178 392 1239 facturus.
433 1180 490 1238 Die
507 1179 608 1238 deinde
626 1179 789 1238 simulando
802 1178 996 1256 aliud,‘quam
1015 1181 1090 1257 quod
1112 1199 1196 1258 para·

250 1259 335 1317 batur
348 1269 525 1337 consumpto,
540 1277 609 1316 cum
623 1258 724 1315 eodem
744 1278 801 1335 quo
815 1260 1001 1318 constiterant
1021 1261 1086 1317 loco
1100 1270 1197 1318 castra

250 1340 483 1409 communissent,
510 1339 559 1396 ubi
585 1338 712 1414 primum
736 1338 880 1417 digressos
903 1339 1024 1396 tumulis
1045 1349 1197 1397 montanos

250 1417 421 1495 laxatasque
445 1418 534 1475 sensit
558 1416 715 1487 custodias,
738 1416 870 1495 pluribus
892 1418 1009 1497 ignibus
1032 1437 1121 1495 quam
1145 1436 1198 1496 pro

250 1514 371 1555 numero
395 1497 575 1555 manentium
599 1496 630 1553 in
654 1497 782 1572 speciem
807 1494 901 1567 factis,
925 1496 1195 1575 impedimentisque

206 1586 319 1641 ilicum
340 1577 436 1653 equite
457 1576 566 1634 relictis
586 1584 615 1634 et
634 1575 763 1633 maxima
784 1585 865 1652 parte
886 1576 1023 1653 peditum,
1044 1578 1105 1656 ipse
1126 1596 1196 1636 curn

251 1655 573 1733 expeditis-acerrimo
586 1673 702 1731 quoque
711 1657 918 1732 viro-raptim
932 1658 1081 1733 angustias
1090 1656 1196 1719 evadit.

249 1734 342 1811 iisque
370 1735 440 1811 ipsis
466 1733 596 1804 tumulis,
624 1753 697 1810 quos
728 1734 824 1792 hostes
857 1745 1020 1806 tenuerant,
1055 1735 1195 1794 consedit.

252 1811 390 1871 XXXIII.
413 1813 511 1870 Prima
531 1812 634 1870 deinde
658 1814 727 1871 luce
742 1823 839 1872 castra
852 1824 938 1883 mota,
953 1824 983 1872 et
1003 1833 1109 1893 agmen
1130 1815 1196 1872 reli-

249 1910 341 1969 quum
355 1892 488 1950 incedere
502 1892 600 1968 coepit.
625 1890 693 1949 Jam
707 1892 835 1950 montani
845 1893 928 1971 signo
939 1891 1004 1951 dato
1017 1910 1053 1951 ex
1067 1894 1197 1953 castellis

204 1980 240 2037 20
251 1970 286 2028 ad
307 1973 459 2029 stationem
480 1972 593 2030 solitam
614 1972 832 2041 conveniebant,
854 1991 924 2029 cum
945 1983 1062 2049 repente
1084 1974 1196 2050 conspi-

251 2052 333 2109 ciunt
357 2051 436 2121 alios,
452 2069 520 2109 arce
539 2061 682 2127 occupata
705 2070 769 2120 sua,
783 2069 871 2130 super
894 2062 982 2128 caput
1002 2053 1195 2121 imminentes,

252 2130 322 2189 alios
346 2132 395 2188 via
422 2131 544 2188 transire
572 2130 677 2189 hostes.
733 2130 864 2206 Utraque
891 2131 979 2188 simul
1007 2131 1120 2207 objecta
1148 2151 1196 2190 rea

250 2210 343 2267 oculis
358 2210 519 2287 animisque
533 2209 694 2268 immobiles
708 2228 865 2287 parumper
878 2229 927 2267 eos
942 2210 1057 2268 defixit:
1082 2210 1197 2282 deinde,

176 2358 181 2367 ι
251 2297 283 2345 nt
303 2288 520 2366 trepidationem
541 2290 571 2345 in
586 2290 728 2367 angustiis
748 2308 858 2366 suoque
872 2290 969 2365 ipsum
991 2290 1120 2349 tumultu
1142 2291 1195 2348 mi-

204 2377 240 2431 25
251 2369 326 2425 soeri
341 2386 444 2445 agmen
461 2368 569 2438 videre,
591 2370 674 2445 equis
695 2370 820 2426 maxime
835 2371 1034 2440 consternatis,
1055 2369 1195 2447 quidquid

252 2446 424 2525 adjecissent
444 2448 498 2525 ipsi
515 2447 633 2505 terroris
654 2449 724 2505 satis
746 2448 782 2505 ad
805 2449 962 2525 perniciem
978 2447 1038 2507 fore
1053 2450 1117 2520 rati,
1132 2467 1196 2526 per-

252 2528 343 2585 versis
367 2527 497 2604 rupibus,
519 2528 602 2605 juxta
626 2528 706 2585 invia
727 2547 762 2585 ac
782 2526 867 2585 devia
886 2529 1002 2607 assueti,
1024 2528 1194 2587 decurrunt.

252 2607 331 2665 Tum
353 2626 420 2665 vero
441 2607 528 2665 simul
545 2607 582 2665 ab
602 2606 730 2665 hostibus
744 2607 831 2665 simul
848 2607 884 2665 ab
900 2608 1050 2684 iniquitate
1065 2609 1196 2667 locorum

252 2686 335 2745 Poeni
358 2688 607 2767 oppugnabantur,
633 2686 755 2764 plusque
783 2687 858 2744 inter
885 2688 969 2765 ipsos,
997 2688 1053 2745 sibi
1080 2707 1196 2765 quoque

205 2766 393 2837 intendente,
409 2777 441 2825 nt
454 2766 584 2843 periculo
607 2768 689 2844 prius
707 2766 851 2837 evaderet,
865 2785 954 2843 quam
976 2786 1045 2825 cum
1066 2766 1196 2826 hostibus

251 2846 418 2903 certaminis
431 2855 504 2903 erat.
547 2844 586 2902 Et
606 2846 674 2920 equi
689 2847 815 2903 maxime
829 2844 966 2904 infestum
981 2865 1086 2925 agmen
1108 2846 1196 2906 facie-

254 2932 328 2993 bant,
343 2924 394 2999 qui
418 2933 448 2981 et
469 2924 644 3001 clamoribus
665 2924 794 2994 dissonis,
816 2944 888 3000 qnos
908 2944 1027 2983 nemora
1043 2927 1131 2984 etiam
1152 2945 1195 2983 ra·

288 3020 453 3079 :cussaeque
474 3002 567 3060 valles
589 3003 743 3079 augebant,
766 3005 858 3062 territi
881 3004 1072 3082 trepidabant,
1094 3016 1123 3064 et
1145 3006 1195 3064 icti

187 3105 191 3115 ·
263 3091 323 3140 orte
338 3091 389 3139 aut
402 3081 546 3140 vulnerati
571 3079 643 3140 adeo
661 3083 928 3154 consternabantur,
950 3094 982 3141 ut
1005 3094 1132 3163 stragem
1152 3085 1196 3142 in-

204 3168 240 3225 35
272 3171 366 3219 entem
393 3161 479 3219 simul
507 3161 655 3220 homiuum
684 3180 719 3220 ac
746 3163 930 3220 sarcinarum
957 3164 1050 3221 omnis
1080 3164 1197 3241 generis

251 3180 391 3300 Iacerent.
434 3240 598 3318 Multosque
621 3241 715 3311 turba,
738 3261 807 3300 cum
828 3243 992 3319 praecipites
1015 3242 1196 3320 diruptisque

252 3322 396 3398 utrimque
412 3322 553 3399 angustiae
566 3330 670 3389 essent,
681 3322 712 3378 in
725 3321 898 3379 immensum
908 3320 1067 3379 altitudinis
1081 3322 1196 3399 dejecit,

250 3400 389 3478 quosdam
413 3410 442 3458 et
463 3409 605 3459 armatos:
627 3400 678 3458 sed
699 3402 792 3459 ruiuae
812 3401 938 3458 maxime
960 3400 1043 3460 modo
1067 3401 1197 3476 iumenta

251 3500 320 3539 curn
334 3480 469 3539 oneribus
483 3478 720 3538 devolvebantur.
755 3480 831 3546 Quae
844 3499 1023 3557 quamquam
1038 3479 1116 3539 soeda
1131 3482 1197 3540 visu

204 3569 240 3623 to
252 3570 343 3629 erant,
358 3560 435 3617 stetit
456 3577 612 3636 parumper
631 3568 728 3616 tamen
743 3559 891 3617 Hannibal
906 3580 942 3617 ac
956 3579 1025 3618 suos
1044 3562 1196 3632 continuit,

250 3658 287 3696 ne
302 3639 458 3697 tumultum
473 3658 509 3697 ac
522 3638 740 3715 trepidationem
754 3650 891 3716 augeret:
916 3639 1029 3711 deinde,
1044 3650 1197 3717 postquam

250 3718 421 3793 Interrumpi
449 3736 553 3794 agmen
578 3718 657 3788 vidit,
679 3718 900 3796 periculumque
921 3738 994 3790 esse,
1016 3738 1053 3777 ue
1075 3729 1196 3778 exutum

252 3794 461 3871 impedimentis
485 3796 645 3854 exercitum
672 3797 868 3873 nequidquam
896 3799 1073 3857 incolumem
1097 3798 1196 3858 tradu-

249 3867 349 3947 xisset,
372 3872 500 3933 decurrit
521 3893 558 3933 ex
582 3876 730 3953 superiore
753 3876 826 3949 loco,
847 3887 885 3948 et,
909 3896 979 3937 cum
999 3879 1110 3955 impetn
1133 3878 1195 3956 Ipso
