2717 4292
232 283 291 347 192
566 327 569 332 .
655 297 713 338 τιτι
734 296 808 337 mvn

278 426 341 487 illic
353 436 420 485 acts
432 436 509 498 sunt,
523 427 658 505 ignorare
678 427 782 504 patiar.
823 426 923 502 Atque
938 425 1050 483 utinam
1070 425 1144 496 haec,
1159 444 1229 502 quoe

279 506 356 584 apud
377 526 429 565 vos
450 515 571 563 acturus
594 525 669 575 sum,
692 504 813 562 Canusii
835 503 912 581 apud
939 506 1046 581 ipsum'
1061 506 1228 564 exercitum

279 604 406 662 agerem,
417 586 556 660 optimum
570 594 671 641 testem
686 585 810 661 ignaviae
824 584 967 658 cujusque
981 593 1011 640 et
1021 583 1153 648 virtutis;
1176 594 1229 642 aut

278 683 355 721 unus
366 665 413 721 hic
425 664 528 720 saltem
542 663 654 720 adesset
665 664 697 719 P.
710 663 906 738 Sempronius,
919 681 1005 738 quem
1017 662 1041 718 si
1055 663 1103 719 isti
1119 663 1227 721 ducem

230 748 249 800 o
278 745 371 800 secuti
385 752 490 811 essent,
505 741 609 798 milites
630 741 712 798 hodie
728 741 875 797 incastris
897 741 1045 810 Romams,
1061 760 1120 797 non
1135 744 1226 817 capti-

278 824 308 878 vi
322 824 352 879 iu
368 823 492 879 hostium
512 830 650 896 potestate
671 830 777 877 essent.
818 819 949 888 Etcum,
965 818 1048 876 fessis
1067 815 1227 895 pugriando

278 901 417 968 hostibus,
432 912 494 957 tum
509 901 629 956 victoria
650 899 724 956 laetis
738 908 766 956 et
787 897 856 975 ipsis
877 899 1022 974 plerisque
1038 899 1181 974 regressis
1196 901 1226 956 in

278 994 376 1038 castre
399 999 462 1048 sua,
478 989 591 1034 noctem
612 978 648 1034 ad
668 977 880 1053 erumpendum
899 976 1020 1033 liberam
1043 977 1224 1047 habuissent,

278 1069 307 1115 et
320 1058 535 1134 septem—millia
549 1066 727 1113 armatorum
742 1055 890 1112 hominum
902 1074 1053 1130 erumpere
1068 1057 1159 1112 etiam
1174 1075 1225 1132 per

231 1137 267 1194 10
278 1136 420 1193 confertos
434 1137 530 1193 hostes
544 1145 665 1210 possent,
681 1153 775 1210 neque
790 1151 885 1210 perse
900 1135 955 1209 ipsi
970 1135 998 1189 id
1013 1132 1112 1191 facere
1129 1136 1224 1193 conati

277 1226 353 1284 sunt,
368 1233 463 1290 neque
478 1215 568 1270 alium
588 1215 672 1289 sequi
686 1215 850 1270 voluerunt.
892 1213 986 1270 Nocte
1006 1231 1094 1289 prope
1109 1222 1169 1270 tote
1190 1213 1223 1270 P.

278 1292 465 1370 Sempronius
480 1293 645 1350 Tuditanus
666 1310 723 1349 non
736 1291 842 1348 destitit
862 1310 988 1362 monere,
1004 1291 1151 1348 adhortari
1166 1311 1225 1362 eos,

277 1371 348 1428 dum
361 1373 492 1448 paucitas
513 1372 639 1430 hostium
661 1371 742 1428 ciros
764 1378 867 1439 castra,
883 1370 952 1427 dum
974 1371 1057 1446 quies
1079 1390 1115 1428 ac
1137 1371 1224 1428 silen-

276 1451 351 1508 tium
374 1462 459 1522 esset,
481 1450 551 1508 dum
573 1468 630 1507 nox
651 1451 799 1527 inceptum
824 1458 923 1526 tegere
938 1458 1050 1526 'posset
1065 1469 1097 1506 se
1117 1448 1226 1506 ducem
1243 1456 1249 1468 '

230 1534 267 1589 15
278 1540 486 1605 sequerentur:
507 1539 573 1587 aute
593 1529 691 1586 lucem
706 1529 858 1605 pervenire
872 1528 903 1584 in
917 1536 980 1585 tuta
998 1527 1072 1597 loce,
1087 1529 1120 1584 in
1135 1529 1225 1586 socio·

279 1627 345 1665 rum
359 1610 447 1666 urbes
468 1627 561 1684 posse.
603 1607 687 1665 Sicut
708 1625 828 1664 avorum
843 1607 982 1663 memoria
996 1605 1029 1664 P.
1046 1605 1161 1664 Decius
1176 1607 1225 1665 tri-

278 1687 374 1744 bunus
388 1688 512 1744 militum
526 1687 557 1742 iu
571 1685 699 1755 Samnio,
714 1687 798 1755 siout,
810 1685 892 1742 nobis
909 1684 1153 1756 adolescentibus,
1168 1686 1224 1762 pri·

277 1783 327 1821 ore
342 1765 452 1822 Punico
467 1765 542 1821 bello
555 1764 733 1840 Calpurnius
744 1764 879 1822 Flamma
889 1765 1025 1832 trecentis
1040 1765 1225 1836 voluntariis,

278 1843 396 1901 eumad
417 1844 563 1900 tumulum
584 1862 633 1900 eos
646 1843 829 1919 capiendum,
844 1844 932 1900 situm
952 1843 1027 1900 inter
1047 1843 1159 1900 medios
1174 1843 1224 1900 du-

228 1926 269 1980 20
278 1932 357 1980 ceret
378 1923 483 1992 hostes,
505 1923 585 1991 dixit,
607 1924 801 1992 “moriamun
824 1922 990 1990 milites‚'et
1011 1932 1102 1979 morte
1126 1933 1227 1980 nostra

279 2003 436 2076 eripiamus
450 2021 486 2060 ex
500 2002 645 2059 obsidione
659 2002 874 2058 circumventas
894 2000 1022 2077 legiones
1033 1999 1062 2056 :''
1078 2001 1103 2057 si
1119 2001 1175 2058 hoc
1191 2001 1224 2058 P.

278 2080 466 2156 Sempronius
486 2080 605 2148 diceret,
620 2099 675 2137 uec
697 2081 772 2136 viros
792 2079 909 2154 quidem
930 2099 985 2136 neo
1007 2078 1154 2136 Romanos
1174 2098 1226 2137 vos

278 2159 407 2228 duceret,
421 2159 446 2215 si
467 2178 552 2216 nemo
572 2171 658 2216 tantae
672 2160 787 2215 virtutis
807 2158 962 2215 exstitisset
983 2177 1090 2214 comes.
1138 2157 1226 2215 Viam

277 2254 335 2293 nou
354 2237 390 2294 ad
404 2238 526 2313 gloriam
541 2239 634 2313 magis
648 2256 737 2312 quam
758 2237 793 2293 ad
812 2237 936 2294 salutem
951 2237 1091 2294 ferentem
1106 2236 1224 2294 demon-

228 2317 368 2387 25strat;
391 2315 514 2372 reduces
538 2317 568 2371 in
590 2317 723 2391 patriam,
746 2315 782 2372 ad
805 2325 946 2392 parentes
965 2315 1001 2372 ad
1024 2316 1166 2392 conjuges
1190 2335 1226 2373 ac

278 2393 383 2450 liberos
398 2392 477 2451 facit.
520 2394 560 2453 Ut
580 2395 745 2464 servemini,
761 2395 840 2452 deest
854 2395 933 2451 vobis
948 2394 1183 2470 animus—quid,
1199 2396 1224 2452 si

279 2471 459 2530 moriendum
487 2491 537 2550 pro
563 2475 657 2550 patria
683 2482 769 2542 esset,
791 2472 946 2530 faceretis?
1001 2473 1226 2550 Quinquaginta

279 2552 372 2609 millia
391 2553 502 2610 civium
526 2555 727 2628 sociorumque
752 2553 832 2610 circa
856 2571 906 2609 vos
931 2571 965 2609 eo
989 2553 1050 2628 ipso
1074 2552 1121 2609 die
1148 2571 1226 2609 caesa

277 2631 394 2706 jacent:
415 2634 441 2690 si
461 2642 501 2690 tot
514 2632 648 2708 exempla
662 2632 777 2689 virtutis
791 2650 847 2687 non
868 2641 992 2701 movent,
1006 2630 1079 2689 nihil
1094 2648 1226 2708 unquam

231 2713 269 2766 30
280 2712 422 2768 movebit:
453 2712 478 2768 si
501 2720 582 2776 tanta
606 2711 704 2769 clades
728 2711 816 2768 vilem
838 2710 928 2767 vitam
955 2729 1012 2769 non
1038 2709 1117 2779 fecit,
1142 2711 1227 2767 nulla

238 2813 243 2823 ·
280 2789 378 2847 faciet.
419 2789 459 2847 Et
483 2789 567 2848 liberi
595 2801 681 2865 atque
709 2789 870 2847 incolumes
894 2789 1054 2846 desiderate
1079 2790 1225 2864 patriam:

279 2869 368 2925 immo
387 2868 558 2938 desiderate,
579 2869 649 2927 dum
672 2869 765 2945 patria
787 2877 838 2938 est,
860 2867 930 2924 dum
954 2869 1034 2924 cives
1054 2869 1120 2944 ejus
1144 2870 1224 2926 estis.

280 2944 352 3002 Sero
375 2964 455 3002 nuuc
483 2947 664 3017 desideratis,
684 2947 824 3004 deminuti
848 2947 951 3024 capite,
974 2947 1132 3003 abalienati
1157 2949 1225 3023 jure

280 3024 399 3092 civium,
410 3026 486 3081 servi
500 3024 784 3104 Carthaginiensium
798 3025 876 3083 facti.
917 3024 1011 3083 Pretio
1022 3025 1146 3082 redituri
1158 3026 1226 3082 estis

232 3103 323 3171 35eo,
340 3102 415 3160 unde
438 3104 556 3180 ignaria
579 3125 614 3163 ac
635 3105 766 3180 nequitie
788 3103 909 3162 abistis?
951 3103 984 3160 P.
1008 3103 1225 3180 Sempronium,

280 3182 376 3239 civem
400 3194 537 3253 restrum,
558 3202 615 3241 non
639 3183 768 3252 audistis,
791 3199 874 3240 arma
897 3179 1002 3259 capere
1027 3201 1062 3239 ac
1086 3184 1171 3258 sequi
1195 3201 1226 3239 se

277 3261 446 3338 jubentem:
467 3260 663 3330 Hannibalem
684 3270 746 3338 post
766 3261 853 3339 paulo
875 3261 1002 3331 audistis,
1024 3270 1122 3318 castre
1144 3259 1227 3337 prodi

281 3350 311 3398 et
333 3359 416 3398 arma
438 3340 512 3398 tradi
533 3341 693 3417 jubentem.
736 3339 835 3405 Quam
859 3360 914 3418 ego
935 3340 1084 3416 ignaviam
1103 3341 1228 3398 istorum

282 3438 397 3490 accuso,
412 3438 481 3477 cum
503 3421 600 3477 scelus
621 3421 727 3496 possim
749 3417 909 3477 accusare!
950 3419 1017 3476 Non
1040 3417 1119 3475 enim
1143 3418 1228 3476 modo

235 3499 272 3557 to
282 3499 365 3573 sequi
378 3508 551 3555 recusarunt
564 3499 636 3556 bene
647 3508 819 3567 monentem,
831 3498 881 3555 sed
896 3497 1034 3565 obsistere
1050 3515 1085 3554 ac
1100 3499 1228 3554 retinere

282 3576 377 3633 conati
391 3586 466 3646 sunt,
478 3577 509 3633 ni
523 3579 629 3634 strictis
642 3576 746 3652 gladiis
760 3577 815 3632 viri
830 3575 977 3634 fortissimi
991 3577 1098 3633 inertes
1112 3577 1229 3632 submo-

282 3654 408 3710 vissent:
430 3657 519 3728 prius,
534 3656 662 3729 iuquam,
677 3655 710 3710 P.
730 3655 899 3729 Sempronio
921 3673 973 3732 por
993 3656 1103 3712 civium
1119 3671 1229 3732 agmen

282 3749 371 3804 quam
394 3750 446 3805 per
468 3732 593 3788 hostium
616 3732 670 3789 fuit
692 3733 913 3814 erumpendum.
956 3733 1018 3790 Hos
1037 3734 1119 3790 cives
1135 3734 1232 3810 patria

196 3831 210 3894 ss
282 3806 448 3866 desideret?
488 3809 623 3874 Quorum
643 3811 669 3868 si
689 3811 779 3869 ceteri
799 3811 909 3870 similes
930 3811 1061 3883 fuissent,
1077 3813 1232 3873 neminem
