2717 4292
417 326 505 367 arasa
525 326 598 366 xxn.
642 327 707 367 car.
725 324 850 380 cv,tt1.
1088 316 1146 382 187

152 455 345 530 exercituque
359 455 395 513 ad
410 455 616 513 Trasimenum
637 457 731 534 priore
745 475 820 514 auno
834 457 947 527 amisso,
962 474 1019 514 non
1032 457 1100 515 vul-

152 553 209 592 nus
236 553 325 612 super
352 534 469 603 vulnus,
496 535 547 592 sed
574 535 726 612 multiplex
754 534 861 606 clades,
889 554 957 594 cum
984 536 1098 595 duobus

151 613 323 672 consulibus
336 612 577 671 duo-consulares
590 615 735 672 exercitus
750 615 848 672 amissi
868 614 1094 690 nuntiabantur;

152 711 208 750 nec
223 693 285 750 ulla
297 694 360 768 jam
374 702 470 750 castra
487 692 619 750 Romana
632 711 688 750 nec
702 693 807 750 ducem
821 712 875 751 uec
890 695 1009 751 militem
1023 713 1095 765 esse,

153 771 328 829 Hannibalis
338 771 489 848 Apuliam,
501 772 652 829 Samnium
661 791 697 829 ac
708 773 769 848 jam
784 791 870 848 propa
882 781 969 830 totam
983 773 1126 833 Italiamb

152 851 271 908 factam.
314 850 408 908 Nulla
428 850 556 927 profecto
577 851 634 907 alia
654 869 726 928 gens
741 861 820 908 tanta
840 852 915 907 mole
935 851 1026 909 cladis
1039 871 1096 910 uon

152 929 256 987 obruta
278 939 364 987 esset.
406 928 562 1005 Compares
583 937 633 986 aut
656 930 771 987 cladem
786 929 821 987 ad
844 929 965 1007 AEgates
984 931 1097 989 insulas

151 1007 447 1086 Carthaginiensium,
477 1009 579 1084 proelid
605 1009 704 1065 navali
739 1017 896 1084 acceptam,
925 1027 984 1084 qua
1011 1007 1094 1067 fracti

151 1087 256 1144 Sicilia
271 1106 305 1144 ac
320 1087 453 1144 Sardinia
464 1098 586 1157 cessere,
595 1087 661 1144 inde
676 1087 835 1164 vectigales
849 1106 884 1144 ac
898 1087 1095 1164 stipendiarios

153 1165 216 1223 fieri
231 1184 263 1224 se
277 1168 354 1243 passi
374 1176 459 1224 sunt:
485 1176 535 1224 aut
558 1185 687 1245 pugnam
701 1166 852 1224 adversam
872 1168 902 1224 in
917 1166 1030 1237 Africa,
1045 1168 1094 1225 cui
1106 1175 1143 1229 1⁰

152 1257 251 1321 postea
265 1245 313 1303 hic
327 1246 388 1323 ipse
409 1245 556 1302 Hannibal
578 1246 750 1302 succubuit:
772 1245 854 1302 nulla
872 1264 909 1302 ex
923 1255 1003 1322 parte
1017 1265 1093 1304 com·

151 1322 290 1400 paraudae
310 1334 385 1394 suut,
399 1325 456 1382 nisi
479 1325 555 1400 quod
579 1324 688 1380 minore
704 1325 799 1381 animo
820 1323 887 1380 latae
907 1335 1002 1384 sunt..
1025 1324 1092 1382 LV.

153 1403 184 1460 P.
200 1402 312 1460 Furius
333 1402 433 1461 Philus
446 1413 475 1462 et
496 1402 548 1460 M'.
564 1403 737 1478 Pomponius
757 1411 893 1478 praetores
911 1413 1043 1460 senatum
1063 1404 1094 1461 iu

151 1485 269 1540 curiam
290 1482 444 1540 Hostiliam
457 1492 644 1552 vocaverunt,
666 1491 699 1540 ut
723 1482 758 1539 dc
772 1481 852 1538 urbis
874 1481 1004 1538 custodia
1026 1499 1093 1539 con-

150 1562 299 1619 sulerent:
321 1563 507 1637 nequeenim
527 1560 704 1630 dubitabant,
720 1561 821 1618 deletis
841 1560 1024 1629 exercitibus,
1046 1561 1143 1624 luo-15

150 1651 224 1699 stem
249 1641 286 1698 ad
308 1640 527 1717 oppugnandam
554 1639 685 1710 Romam,
711 1639 786 1714 quod
811 1657 903 1696 unum
926 1656 998 1714 opus
1025 1638 1094 1696 belli

151 1730 282 1790 restaret,
297 1729 464 1778 venturum.
505 1720 581 1777 Cum
604 1721 635 1776 in
655 1719 749 1789 malie,
764 1719 839 1776 sicut
859 1718 1032 1795 ingentibus,
1053 1719 1094 1775 ita

150 1800 265 1876 ignotis,
281 1818 317 1856 ne
331 1799 485 1856 consilium
498 1798 613 1873 quidem
627 1799 698 1854 satis
712 1797 887 1874 expedirent,
907 1798 1092 1873 obstreperet-

171 1898 208 1935 ue
231 1878 343 1936 clamor
362 1878 582 1935 lamentantium
602 1878 768 1947 mulierum,
790 1885 827 1946 et,
848 1876 976 1934 nondum
997 1876 1093 1952 palam

150 1898 237 2028 iacto,
253 1957 313 2016 vivi
327 1957 490 2032 mortuique
504 1965 532 2013 et
545 1973 599 2032 per
611 1975 710 2013 omues
724 1975 805 2032 paene
820 1956 917 2013 domos
931 1956 1092 2032 promiscue
1103 1961 1141 2017 20

150 2037 417 2112 complorarentur3
440 2046 503 2093 tum
516 2035 555 2101 Q.
566 2034 676 2093 Fabius
691 2034 838 2092 Maximus
851 2035 972 2102 censuit,
982 2035 1093 2108 equites

149 2116 299 2192 expeditos
320 2124 348 2173 et
372 2115 470 2191 Appia
491 2125 520 2172 et
543 2113 650 2183 Latina
670 2114 719 2177 via
741 2113 900 2182 mittendos,
922 2113 973 2188 qui
994 2113 1092 2170 obvios

150 2192 518 2270 percunctando—aliquos
531 2191 659 2270 profecto
672 2211 709 2250 ex
731 2191 801 2270 fuga
822 2193 929 2268 passim
942 2191 1092 2268 dissipatos

150 2273 389 2343 fore—referant,
411 2291 477 2348 quae
501 2272 615 2331 fortuna
629 2272 782 2330 consulum
803 2281 889 2348 atque
910 2272 1092 2328 exercituum

149 2355 187 2410 sit
196 2373 206 2425 ,·
229 2363 268 2423 et,
283 2354 308 2410 si
328 2352 397 2429 quid
418 2353 458 2408 dii
476 2351 661 2421 immortales,
676 2351 796 2408 miseriti
810 2349 932 2428 imperii,
948 2351 1092 2424 reliquum
1102 2355 1140 2409 25

151 2431 276 2490 Romani
300 2432 423 2489 nominis
445 2430 585 2504 feceriut3
618 2431 669 2488 ubi
693 2449 736 2487 eae
760 2431 850 2504 copia
874 2431 948 2488 sinte
979 2446 1036 2503 quo
1060 2447 1091 2486 se

150 2510 300 2568 Hannibal
322 2519 384 2588 post
404 2511 541 2587 proelium
563 2510 725 2578 contulerit,
740 2506 810 2582 quid
822 2515 916 2584 paret,
931 2507 1001 2582 quid
1025 2515 1093 2582 agat

150 2601 329 2667 acturusque
350 2591 396 2648 sit.
438 2589 512 2648 Haec
533 2586 709 2665 exploranda
727 2585 928 2660 noscendaque
946 2603 997 2660 per
1010 2584 1092 2659 impi-

149 2687 218 2746 gros
234 2669 360 2746 juvenes
373 2687 447 2726 esse.
489 2668 565 2726 illud
586 2683 638 2744 per
650 2673 746 2742 patres
766 2665 842 2740 ipsos
857 2663 1009 2740 agendum,
1024 2679 1092 2736 quo-

150 2749 230 2806 niam
244 2749 466 2824 magistratuum
481 2765 584 2824 parum
597 2745 643 2815 sit,
659 2752 691 2801 ut
704 2742 861 2800 tumultum
880 2759 916 2800 ac
930 2740 1091 2817 trepidatio·
1102 2747 1140 2802 30

150 2845 218 2884 nem
231 2827 262 2884 iu
274 2827 346 2885 urbe
358 2827 469 2897 tollant,
479 2833 624 2882 matronas
633 2823 749 2900 publico
758 2829 884 2892 arceant,
894 2820 1092 2895 continerique

149 2906 227 2965 iutra
239 2925 328 2964 suum
341 2923 486 2980 quamque
506 2905 594 2962 limen
608 2910 734 2980 cogaut3
758 2899 950 2977 comploratus
970 2897 1092 2956 familia-

150 3002 216 3043 rum
231 2993 393 3055 coerceant,
403 2984 550 3042 silentium
564 3001 616 3059 per
623 2981 726 3040 urbem
740 2979 857 3050 iaciant,
866 2979 981 3038 nuntios
994 2995 1093 3036 rerum

149 3065 280 3122 omnium
304 3062 340 3120 ad
365 3072 501 3140 praetores
524 3060 708 3119 deducendos
730 3069 851 3132 cureut;
884 3077 947 3118 suec
969 3059 1092 3134 quisque

151 3138 274 3200 fortunae
287 3141 364 3201 domi
378 3151 526 3201 auctorem
540 3149 725 3217 exspecteut3
748 3138 937 3215 custodesque
949 3146 1092 3214 'praeterea
1102 3139 1140 3196 85

150 3221 186 3279 ad
201 3232 298 3299 portas
312 3231 426 3298 ponant,
435 3221 487 3298 qui
501 3219 669 3297 prohibeant
682 3237 858 3294 quemquam
867 3216 966 3294 egredi
980 3217 1090 3285 urbem,

150 3313 313 3378 cogantque
327 3298 466 3370 homiues,
480 3299 601 3368 nullam,
616 3299 672 3355 uisi
694 3298 765 3356 urbe
780 3315 815 3354 ac
829 3295 973 3353 moenibus
993 3295 1090 3362 salvia,

149 3380 274 3438 salutem
295 3398 431 3455 sperare:
453 3379 503 3437 ubi
522 3376 694 3435 conticuerit
716 3385 794 3434 recte
814 3375 964 3442 tumultus,
979 3381 1041 3430 tum
1061 3372 1092 3429 iu

149 3461 264 3516 curiam
286 3468 382 3534 patres
403 3457 579 3516 revocandos
600 3454 866 3528 consulendumque
887 3451 923 3509 de
941 3451 1020 3508 urbis
1040 3467 1092 3509 cu·

149 3537 241 3594 stedia
256 3557 331 3596 esse.
1099 3535 1138 3590 40

189 3614 272 3674 LVI.
295 3617 371 3675 Cum
395 3617 426 3673 in
449 3616 526 3674 hanc
540 3613 712 3672 senteutiam
736 3610 857 3688 pedibus
870 3627 969 3667 omnes
993 3609 1090 3678 issent,

149 3695 340 3771 submotaque
362 3694 422 3753 foro
441 3713 492 3772 per
506 3694 691 3770 magistratus
711 3689 804 3760 turba,
820 3697 915 3765 patres
935 3688 1042 3746 diversi
1056 3687 1092 3745 ad

149 3773 291 3832 sedandos
310 3775 453 3832 tumultus
467 3773 674 3840 discessissent,
689 3779 750 3827 tum
764 3768 881 3826 demum
897 3768 1000 3826 lutera
1024 3785 1042 3825 a
1055 3765 1090 3826 O.

150 3851 291 3913 Terentio
318 3854 436 3913 consule
464 3852 561 3910 allata
586 3858 662 3920 sunt,
693 3847 730 3908 L.
759 3846 911 3907 AEmilium
943 3847 1091 3906 consulem
