<?xml version="1.0" encoding="UTF-8"?>
<!DOCTYPE html PUBLIC "-//W3C//DTD XHTML 1.0 Transitional//EN"
    "http://www.w3.org/TR/xhtml1/DTD/xhtml1-transitional.dtd">
<html xmlns="http://www.w3.org/1999/xhtml" xml:lang="en" lang="en">
 <head>
  <title>
</title>
<meta http-equiv="Content-Type" content="text/html;charset=utf-8" />
  <meta name='ocr-system' content='tesseract 3.04.00' />
  <meta name='ocr-capabilities' content='ocr_page ocr_carea ocr_par ocr_line ocrx_word'/>
</head>
<body>
  <div class='ocr_page' id='page_1' title='image "./selectionsfromf01alscgoog_0123.png"; bbox 0 0 2717 4292; ppageno 0'>
   <div class='ocr_carea' id='block_1_1' title="bbox 462 275 1171 371">
    <p class='ocr_par' dir='ltr' id='par_1_1' title="bbox 462 275 1171 371">
     <span class='ocr_line' id='line_1_1' title="bbox 462 275 1171 371; baseline 0 -32"><span class='ocrx_word' id='word_1_1' title='bbox 462 298 550 339; x_wconf 79' lang='lat' dir='ltr'>arasa</span> <span class='ocrx_word' id='word_1_2' title='bbox 570 299 632 339; x_wconf 78' lang='lat' dir='ltr'>xxr.</span> <span class='ocrx_word' id='word_1_3' title='bbox 667 299 734 339; x_wconf 71' lang='lat' dir='ltr'>cnr.</span> <span class='ocrx_word' id='word_1_4' title='bbox 749 300 800 351; x_wconf 86' lang='lat' dir='ltr'>xv,</span> <span class='ocrx_word' id='word_1_5' title='bbox 818 298 881 339; x_wconf 73' lang='lat' dir='ltr'>rvr.</span> <span class='ocrx_word' id='word_1_6' title='bbox 1110 275 1171 371; x_wconf 72' lang='lat'>¹⁰⁵.</span> 
     </span>
    </p>
   </div>
   <div class='ocr_carea' id='block_1_2' title="bbox 107 428 1166 3917">
    <p class='ocr_par' dir='ltr' id='par_1_2' title="bbox 168 428 1163 1538">
     <span class='ocr_line' id='line_1_2' title="bbox 170 428 1118 509; baseline -0.001 -19"><span class='ocrx_word' id='word_1_7' title='bbox 170 431 321 509; x_wconf 86' lang='lat' dir='ltr'>primores,</span> <span class='ocrx_word' id='word_1_8' title='bbox 337 430 501 487; x_wconf 88' lang='lat' dir='ltr'>secessione</span> <span class='ocrx_word' id='word_1_9' title='bbox 516 428 602 499; x_wconf 86' lang='lat' dir='ltr'>facta,</span> <span class='ocrx_word' id='word_1_10' title='bbox 619 430 787 506; x_wconf 86' lang='lat' dir='ltr'>priusquam</span> <span class='ocrx_word' id='word_1_11' title='bbox 809 448 977 506; x_wconf 89' lang='lat' dir='ltr'>responsum</span> <span class='ocrx_word' id='word_1_12' title='bbox 991 431 1118 501; x_wconf 89' lang='lat' dir='ltr'>daretur,</span> 
     </span>
     <span class='ocr_line' id='line_1_3' title="bbox 169 509 1119 587; baseline 0 -18"><span class='ocrx_word' id='word_1_13' title='bbox 169 521 326 587; x_wconf 83' lang='lat' dir='ltr'>argentum</span> <span class='ocrx_word' id='word_1_14' title='bbox 338 528 502 585; x_wconf 85' lang='lat' dir='ltr'>aurumque</span> <span class='ocrx_word' id='word_1_15' title='bbox 517 528 610 579; x_wconf 83' lang='lat' dir='ltr'>omne,</span> <span class='ocrx_word' id='word_1_16' title='bbox 622 529 658 567; x_wconf 86' lang='lat' dir='ltr'>ex</span> <span class='ocrx_word' id='word_1_17' title='bbox 673 510 788 585; x_wconf 88' lang='lat' dir='ltr'>publico</span> <span class='ocrx_word' id='word_1_18' title='bbox 802 510 968 587; x_wconf 90' lang='lat' dir='ltr'>privatoque</span> <span class='ocrx_word' id='word_1_19' title='bbox 982 512 1012 566; x_wconf 93' lang='lat' dir='ltr'>in</span> <span class='ocrx_word' id='word_1_20' title='bbox 1024 509 1119 569; x_wconf 85' lang='lat' dir='ltr'>forum</span> 
     </span>
     <span class='ocr_line' id='line_1_4' title="bbox 169 588 1117 666; baseline 0.002 -19"><span class='ocrx_word' id='word_1_21' title='bbox 169 590 320 659; x_wconf 69' lang='lat' dir='ltr'>(allatum,</span> <span class='ocrx_word' id='word_1_22' title='bbox 336 590 366 645; x_wconf 89' lang='lat' dir='ltr'>in</span> <span class='ocrx_word' id='word_1_23' title='bbox 387 590 486 665; x_wconf 89' lang='lat' dir='ltr'>ignem</span> <span class='ocrx_word' id='word_1_24' title='bbox 508 589 543 645; x_wconf 92' lang='lat' dir='ltr'>ad</span> <span class='ocrx_word' id='word_1_25' title='bbox 564 589 593 645; x_wconf 94' lang='lat' dir='ltr'>id</span> <span class='ocrx_word' id='word_1_26' title='bbox 615 591 717 665; x_wconf 91' lang='lat' dir='ltr'>raptim</span> <span class='ocrx_word' id='word_1_27' title='bbox 733 588 841 646; x_wconf 87' lang='lat' dir='ltr'>facturn</span> <span class='ocrx_word' id='word_1_28' title='bbox 861 591 1056 666; x_wconf 82' lang='lat' dir='ltr'>conjicientes,</span> <span class='ocrx_word' id='word_1_29' title='bbox 1071 610 1117 649; x_wconf 90' lang='lat' dir='ltr'>eo-</span> 
     </span>
     <span class='ocr_line' id='line_1_5' title="bbox 169 668 1118 745; baseline 0.003 -20"><span class='ocrx_word' id='word_1_30' title='bbox 169 668 237 725; x_wconf 88' lang='lat' dir='ltr'>dem</span> <span class='ocrx_word' id='word_1_31' title='bbox 263 669 397 745; x_wconf 87' lang='lat' dir='ltr'>plerique</span> <span class='ocrx_word' id='word_1_32' title='bbox 422 677 512 725; x_wconf 88' lang='lat' dir='ltr'>semet</span> <span class='ocrx_word' id='word_1_33' title='bbox 535 668 589 744; x_wconf 90' lang='lat' dir='ltr'>ipsi</span> <span class='ocrx_word' id='word_1_34' title='bbox 613 670 876 744; x_wconf 64' lang='lat' dir='ltr'>praecipitaverunt.</span> <span class='ocrx_word' id='word_1_35' title='bbox 925 669 1000 726; x_wconf 89' lang='lat' dir='ltr'>Cum</span> <span class='ocrx_word' id='word_1_36' title='bbox 1023 689 1059 727; x_wconf 83' lang='lat' dir='ltr'>ex</span> <span class='ocrx_word' id='word_1_37' title='bbox 1083 690 1118 728; x_wconf 89' lang='lat' dir='ltr'>eo</span> 
     </span>
     <span class='ocr_line' id='line_1_6' title="bbox 169 747 1147 825; baseline 0.002 -20"><span class='ocrx_word' id='word_1_38' title='bbox 169 766 261 825; x_wconf 86' lang='lat' dir='ltr'>pavor</span> <span class='ocrx_word' id='word_1_39' title='bbox 276 767 311 805; x_wconf 88' lang='lat' dir='ltr'>ac</span> <span class='ocrx_word' id='word_1_40' title='bbox 326 747 479 824; x_wconf 85' lang='lat' dir='ltr'>trepidatio</span> <span class='ocrx_word' id='word_1_41' title='bbox 493 757 580 804; x_wconf 90' lang='lat' dir='ltr'>totam</span> <span class='ocrx_word' id='word_1_42' title='bbox 595 747 696 805; x_wconf 91' lang='lat' dir='ltr'>urbem</span> <span class='ocrx_word' id='word_1_43' title='bbox 715 749 896 824; x_wconf 88' lang='lat' dir='ltr'>pervasisset,</span> <span class='ocrx_word' id='word_1_44' title='bbox 911 749 986 805; x_wconf 91' lang='lat' dir='ltr'>alius</span> <span class='ocrx_word' id='word_1_45' title='bbox 1000 750 1147 825; x_wconf 77' lang='lat' dir='ltr'>insuperb</span> 
     </span>
     <span class='ocr_line' id='line_1_7' title="bbox 169 825 1117 903; baseline 0.001 -19"><span class='ocrx_word' id='word_1_46' title='bbox 169 827 315 885; x_wconf 90' lang='lat' dir='ltr'>tumultus</span> <span class='ocrx_word' id='word_1_47' title='bbox 329 846 366 885; x_wconf 84' lang='lat' dir='ltr'>ex</span> <span class='ocrx_word' id='word_1_48' title='bbox 381 845 449 884; x_wconf 88' lang='lat' dir='ltr'>arce</span> <span class='ocrx_word' id='word_1_49' title='bbox 465 826 598 883; x_wconf 81' lang='lat' dir='ltr'>auditur:</span> <span class='ocrx_word' id='word_1_50' title='bbox 620 829 709 885; x_wconf 89' lang='lat' dir='ltr'>turris</span> <span class='ocrx_word' id='word_1_51' title='bbox 729 828 779 884; x_wconf 93' lang='lat' dir='ltr'>diu</span> <span class='ocrx_word' id='word_1_52' title='bbox 793 838 931 902; x_wconf 91' lang='lat' dir='ltr'>quassata</span> <span class='ocrx_word' id='word_1_53' title='bbox 947 825 1117 903; x_wconf 80' lang='lat' dir='ltr'>prociderat,</span> 
     </span>
     <span class='ocr_line' id='line_1_8' title="bbox 169 906 1137 984; baseline 0.002 -21"><span class='ocrx_word' id='word_1_54' title='bbox 169 924 281 984; x_wconf 87' lang='lat' dir='ltr'>perque</span> <span class='ocrx_word' id='word_1_55' title='bbox 303 908 419 963; x_wconf 87' lang='lat' dir='ltr'>ruinam</span> <span class='ocrx_word' id='word_1_56' title='bbox 442 906 505 982; x_wconf 90' lang='lat' dir='ltr'>ejus</span> <span class='ocrx_word' id='word_1_57' title='bbox 523 906 625 963; x_wconf 83' lang='lat' dir='ltr'>cohors</span> <span class='ocrx_word' id='word_1_58' title='bbox 647 906 804 964; x_wconf 88' lang='lat' dir='ltr'>Poenorum</span> <span class='ocrx_word' id='word_1_59' title='bbox 826 908 934 983; x_wconf 91' lang='lat' dir='ltr'>impetu</span> <span class='ocrx_word' id='word_1_60' title='bbox 955 907 1030 965; x_wconf 85' lang='lat' dir='ltr'>facto</span> <span class='ocrx_word' id='word_1_61' title='bbox 1048 926 1137 965; x_wconf 58' lang='lat' dir='ltr'>cum.</span> 
     </span>
     <span class='ocr_line' id='line_1_9' title="bbox 168 985 1116 1063; baseline 0.004 -22"><span class='ocrx_word' id='word_1_62' title='bbox 168 987 289 1063; x_wconf 89' lang='lat' dir='ltr'>signum</span> <span class='ocrx_word' id='word_1_63' title='bbox 304 987 469 1063; x_wconf 87' lang='lat' dir='ltr'>imperatori</span> <span class='ocrx_word' id='word_1_64' title='bbox 484 985 617 1055; x_wconf 85' lang='lat' dir='ltr'>dedisset,</span> <span class='ocrx_word' id='word_1_65' title='bbox 632 986 771 1043; x_wconf 87' lang='lat' dir='ltr'>nudatam</span> <span class='ocrx_word' id='word_1_66' title='bbox 786 986 955 1044; x_wconf 89' lang='lat' dir='ltr'>stationibus</span> <span class='ocrx_word' id='word_1_67' title='bbox 970 986 1116 1045; x_wconf 85' lang='lat' dir='ltr'>custodiis·</span> 
     </span>
     <span class='ocr_line' id='line_1_10' title="bbox 168 1065 1117 1141; baseline 0.002 -20"><span class='ocrx_word' id='word_1_68' title='bbox 168 1083 229 1141; x_wconf 90' lang='lat' dir='ltr'>que</span> <span class='ocrx_word' id='word_1_69' title='bbox 252 1065 343 1122; x_wconf 89' lang='lat' dir='ltr'>solitis</span> <span class='ocrx_word' id='word_1_70' title='bbox 364 1065 487 1122; x_wconf 88' lang='lat' dir='ltr'>hostiurn</span> <span class='ocrx_word' id='word_1_71' title='bbox 501 1084 565 1121; x_wconf 90' lang='lat' dir='ltr'>esse</span> <span class='ocrx_word' id='word_1_72' title='bbox 588 1065 700 1135; x_wconf 88' lang='lat' dir='ltr'>urbem,</span> <span class='ocrx_word' id='word_1_73' title='bbox 715 1084 772 1123; x_wconf 91' lang='lat' dir='ltr'>non</span> <span class='ocrx_word' id='word_1_74' title='bbox 793 1066 991 1124; x_wconf 88' lang='lat' dir='ltr'>cunctandum</span> <span class='ocrx_word' id='word_1_75' title='bbox 1014 1067 1043 1123; x_wconf 90' lang='lat' dir='ltr'>in</span> <span class='ocrx_word' id='word_1_76' title='bbox 1064 1066 1117 1124; x_wconf 91' lang='lat' dir='ltr'>tali</span> 
     </span>
     <span class='ocr_line' id='line_1_11' title="bbox 168 1143 1163 1223; baseline 0.003 -21"><span class='ocrx_word' id='word_1_77' title='bbox 168 1145 324 1202; x_wconf 83' lang='lat' dir='ltr'>occasione</span> <span class='ocrx_word' id='word_1_78' title='bbox 344 1154 424 1201; x_wconf 87' lang='lat' dir='ltr'>ratus</span> <span class='ocrx_word' id='word_1_79' title='bbox 445 1143 603 1213; x_wconf 83' lang='lat' dir='ltr'>Hannibal,</span> <span class='ocrx_word' id='word_1_80' title='bbox 618 1145 684 1202; x_wconf 91' lang='lat' dir='ltr'>totis</span> <span class='ocrx_word' id='word_1_81' title='bbox 705 1146 817 1202; x_wconf 89' lang='lat' dir='ltr'>viribus</span> <span class='ocrx_word' id='word_1_82' title='bbox 838 1164 993 1223; x_wconf 86' lang='lat' dir='ltr'>aggressus</span> <span class='ocrx_word' id='word_1_83' title='bbox 1015 1146 1117 1203; x_wconf 90' lang='lat' dir='ltr'>urbem</span> <span class='ocrx_word' id='word_1_84' title='bbox 1128 1149 1163 1205; x_wconf 79' lang='lat'>1⁰</span> 
     </span>
     <span class='ocr_line' id='line_1_12' title="bbox 169 1223 1116 1300; baseline 0.001 -19"><span class='ocrx_word' id='word_1_85' title='bbox 169 1233 315 1281; x_wconf 88' lang='lat' dir='ltr'>momento</span> <span class='ocrx_word' id='word_1_86' title='bbox 330 1224 415 1299; x_wconf 88' lang='lat' dir='ltr'>cepit,</span> <span class='ocrx_word' id='word_1_87' title='bbox 430 1224 513 1300; x_wconf 86' lang='lat' dir='ltr'>signo</span> <span class='ocrx_word' id='word_1_88' title='bbox 533 1223 598 1280; x_wconf 90' lang='lat' dir='ltr'>dato</span> <span class='ocrx_word' id='word_1_89' title='bbox 613 1232 645 1280; x_wconf 90' lang='lat' dir='ltr'>ut</span> <span class='ocrx_word' id='word_1_90' title='bbox 664 1243 764 1282; x_wconf 89' lang='lat' dir='ltr'>omnes</span> <span class='ocrx_word' id='word_1_91' title='bbox 784 1224 907 1300; x_wconf 88' lang='lat' dir='ltr'>puberes</span> <span class='ocrx_word' id='word_1_92' title='bbox 920 1225 1116 1283; x_wconf 83' lang='lat' dir='ltr'>interficeren-</span> 
     </span>
     <span class='ocr_line' id='line_1_13' title="bbox 169 1302 1115 1380; baseline 0.003 -20"><span class='ocrx_word' id='word_1_93' title='bbox 169 1311 228 1361; x_wconf 91' lang='lat' dir='ltr'>tur.</span> <span class='ocrx_word' id='word_1_94' title='bbox 272 1302 359 1367; x_wconf 83' lang='lat' dir='ltr'>Quod</span> <span class='ocrx_word' id='word_1_95' title='bbox 380 1304 535 1379; x_wconf 91' lang='lat' dir='ltr'>imperium</span> <span class='ocrx_word' id='word_1_96' title='bbox 563 1302 691 1372; x_wconf 91' lang='lat' dir='ltr'>crudele,</span> <span class='ocrx_word' id='word_1_97' title='bbox 716 1312 846 1360; x_wconf 89' lang='lat' dir='ltr'>ceterum</span> <span class='ocrx_word' id='word_1_98' title='bbox 871 1322 957 1380; x_wconf 90' lang='lat' dir='ltr'>prope</span> <span class='ocrx_word' id='word_1_99' title='bbox 984 1323 1115 1363; x_wconf 84' lang='lat' dir='ltr'>necessa·</span> 
     </span>
     <span class='ocr_line' id='line_1_14' title="bbox 169 1382 1117 1458; baseline 0.002 -19"><span class='ocrx_word' id='word_1_100' title='bbox 169 1384 248 1441; x_wconf 89' lang='lat' dir='ltr'>riurn</span> <span class='ocrx_word' id='word_1_101' title='bbox 263 1383 411 1458; x_wconf 88' lang='lat' dir='ltr'>cognitum</span> <span class='ocrx_word' id='word_1_102' title='bbox 432 1383 493 1458; x_wconf 89' lang='lat' dir='ltr'>ipso</span> <span class='ocrx_word' id='word_1_103' title='bbox 507 1391 615 1439; x_wconf 89' lang='lat' dir='ltr'>eventu</span> <span class='ocrx_word' id='word_1_104' title='bbox 636 1392 697 1439; x_wconf 88' lang='lat' dir='ltr'>est:</span> <span class='ocrx_word' id='word_1_105' title='bbox 720 1382 769 1439; x_wconf 93' lang='lat' dir='ltr'>cui</span> <span class='ocrx_word' id='word_1_106' title='bbox 783 1382 861 1439; x_wconf 91' lang='lat' dir='ltr'>enim</span> <span class='ocrx_word' id='word_1_107' title='bbox 875 1383 955 1457; x_wconf 90' lang='lat' dir='ltr'>parci</span> <span class='ocrx_word' id='word_1_108' title='bbox 976 1385 1066 1458; x_wconf 90' lang='lat' dir='ltr'>potuit</span> <span class='ocrx_word' id='word_1_109' title='bbox 1079 1403 1117 1441; x_wconf 87' lang='lat' dir='ltr'>ex</span> 
     </span>
     <span class='ocr_line' id='line_1_15' title="bbox 168 1460 1117 1538; baseline -0.001 -19"><span class='ocrx_word' id='word_1_110' title='bbox 168 1462 227 1532; x_wconf 82' lang='lat' dir='ltr'>hia,</span> <span class='ocrx_word' id='word_1_111' title='bbox 237 1463 289 1538; x_wconf 90' lang='lat' dir='ltr'>qui</span> <span class='ocrx_word' id='word_1_112' title='bbox 303 1471 353 1518; x_wconf 90' lang='lat' dir='ltr'>aut</span> <span class='ocrx_word' id='word_1_113' title='bbox 371 1461 477 1519; x_wconf 88' lang='lat' dir='ltr'>inclusi</span> <span class='ocrx_word' id='word_1_114' title='bbox 491 1479 560 1518; x_wconf 93' lang='lat' dir='ltr'>cum</span> <span class='ocrx_word' id='word_1_115' title='bbox 575 1460 748 1537; x_wconf 86' lang='lat' dir='ltr'>conjugibus</span> <span class='ocrx_word' id='word_1_116' title='bbox 762 1480 797 1517; x_wconf 90' lang='lat' dir='ltr'>ac</span> <span class='ocrx_word' id='word_1_117' title='bbox 809 1461 906 1518; x_wconf 90' lang='lat' dir='ltr'>liberis</span> <span class='ocrx_word' id='word_1_118' title='bbox 919 1461 1017 1518; x_wconf 85' lang='lat' dir='ltr'>domos</span> <span class='ocrx_word' id='word_1_119' title='bbox 1030 1480 1117 1536; x_wconf 91' lang='lat' dir='ltr'>super</span> 
     </span>
    </p>

    <p class='ocr_par' dir='ltr' id='par_1_3' title="bbox 163 1540 1165 2173">
     <span class='ocr_line' id='line_1_16' title="bbox 168 1540 1165 1618; baseline -0.001 -20"><span class='ocrx_word' id='word_1_120' title='bbox 168 1560 200 1598; x_wconf 90' lang='lat' dir='ltr'>se</span> <span class='ocrx_word' id='word_1_121' title='bbox 224 1542 301 1618; x_wconf 90' lang='lat' dir='ltr'>ipsos</span> <span class='ocrx_word' id='word_1_122' title='bbox 324 1549 593 1608; x_wconf 87' lang='lat' dir='ltr'>concremaverunt,</span> <span class='ocrx_word' id='word_1_123' title='bbox 609 1551 659 1597; x_wconf 92' lang='lat' dir='ltr'>aut</span> <span class='ocrx_word' id='word_1_124' title='bbox 682 1541 786 1596; x_wconf 86' lang='lat' dir='ltr'>armati</span> <span class='ocrx_word' id='word_1_125' title='bbox 808 1540 922 1596; x_wconf 90' lang='lat' dir='ltr'>nullum</span> <span class='ocrx_word' id='word_1_126' title='bbox 945 1549 1010 1596; x_wconf 88' lang='lat' dir='ltr'>ante</span> <span class='ocrx_word' id='word_1_127' title='bbox 1029 1541 1117 1597; x_wconf 88' lang='lat' dir='ltr'>finem</span> <span class='ocrx_word' id='word_1_128' title='bbox 1129 1542 1165 1597; x_wconf 85' lang='lat' dir='ltr'>lb</span> 
     </span>
     <span class='ocr_line' id='line_1_17' title="bbox 163 1617 1117 1697; baseline -0.005 -16"><span class='ocrx_word' id='word_1_129' title='bbox 163 1639 278 1697; x_wconf 77' lang='lat' dir='ltr'>pugnae</span> <span class='ocrx_word' id='word_1_130' title='bbox 292 1639 380 1696; x_wconf 90' lang='lat' dir='ltr'>quam</span> <span class='ocrx_word' id='word_1_131' title='bbox 389 1621 543 1677; x_wconf 89' lang='lat' dir='ltr'>morientes</span> <span class='ocrx_word' id='word_1_132' title='bbox 558 1617 712 1676; x_wconf 68' lang='lat' dir='ltr'>fecerunt?</span> <span class='ocrx_word' id='word_1_133' title='bbox 754 1617 821 1676; x_wconf 89' lang='lat' dir='ltr'>XV.</span> <span class='ocrx_word' id='word_1_134' title='bbox 843 1618 966 1694; x_wconf 91' lang='lat' dir='ltr'>Captum</span> <span class='ocrx_word' id='word_1_135' title='bbox 981 1620 1117 1696; x_wconf 91' lang='lat' dir='ltr'>oppidum</span> 
     </span>
     <span class='ocr_line' id='line_1_18' title="bbox 169 1697 1117 1775; baseline -0.001 -18"><span class='ocrx_word' id='word_1_136' title='bbox 169 1709 214 1757; x_wconf 90' lang='lat' dir='ltr'>est</span> <span class='ocrx_word' id='word_1_137' title='bbox 229 1718 298 1757; x_wconf 91' lang='lat' dir='ltr'>cum</span> <span class='ocrx_word' id='word_1_138' title='bbox 313 1700 422 1775; x_wconf 88' lang='lat' dir='ltr'>ingenti</span> <span class='ocrx_word' id='word_1_139' title='bbox 437 1698 544 1775; x_wconf 90' lang='lat' dir='ltr'>praeda.</span> <span class='ocrx_word' id='word_1_140' title='bbox 586 1699 775 1774; x_wconf 83' lang='lat' dir='ltr'>Quamquam</span> <span class='ocrx_word' id='word_1_141' title='bbox 790 1697 928 1775; x_wconf 86' lang='lat' dir='ltr'>pleraque</span> <span class='ocrx_word' id='word_1_142' title='bbox 944 1699 980 1755; x_wconf 92' lang='lat' dir='ltr'>ab</span> <span class='ocrx_word' id='word_1_143' title='bbox 995 1699 1117 1757; x_wconf 90' lang='lat' dir='ltr'>dominis</span> 
     </span>
     <span class='ocr_line' id='line_1_19' title="bbox 170 1777 1115 1854; baseline 0 -19"><span class='ocrx_word' id='word_1_144' title='bbox 170 1778 205 1836; x_wconf 88' lang='lat' dir='ltr'>de</span> <span class='ocrx_word' id='word_1_145' title='bbox 226 1777 369 1836; x_wconf 91' lang='lat' dir='ltr'>industria</span> <span class='ocrx_word' id='word_1_146' title='bbox 394 1787 530 1854; x_wconf 87' lang='lat' dir='ltr'>corrupta</span> <span class='ocrx_word' id='word_1_147' title='bbox 545 1788 636 1846; x_wconf 91' lang='lat' dir='ltr'>erant,</span> <span class='ocrx_word' id='word_1_148' title='bbox 650 1787 679 1835; x_wconf 90' lang='lat' dir='ltr'>et</span> <span class='ocrx_word' id='word_1_149' title='bbox 699 1779 729 1833; x_wconf 90' lang='lat' dir='ltr'>in</span> <span class='ocrx_word' id='word_1_150' title='bbox 749 1778 877 1834; x_wconf 83' lang='lat' dir='ltr'>caedibus</span> <span class='ocrx_word' id='word_1_151' title='bbox 892 1778 940 1834; x_wconf 86' lang='lat' dir='ltr'>vix</span> <span class='ocrx_word' id='word_1_152' title='bbox 962 1778 1054 1835; x_wconf 87' lang='lat' dir='ltr'>ullum</span> <span class='ocrx_word' id='word_1_153' title='bbox 1076 1778 1115 1835; x_wconf 90' lang='lat' dir='ltr'>di-</span> 
     </span>
     <span class='ocr_line' id='line_1_20' title="bbox 169 1856 1115 1933; baseline 0 -18"><span class='ocrx_word' id='word_1_154' title='bbox 169 1859 298 1916; x_wconf 88' lang='lat' dir='ltr'>scrimen</span> <span class='ocrx_word' id='word_1_155' title='bbox 320 1858 411 1916; x_wconf 84' lang='lat' dir='ltr'>aetatis</span> <span class='ocrx_word' id='word_1_156' title='bbox 424 1859 469 1915; x_wconf 91' lang='lat' dir='ltr'>ira</span> <span class='ocrx_word' id='word_1_157' title='bbox 491 1856 608 1927; x_wconf 86' lang='lat' dir='ltr'>fecerat,</span> <span class='ocrx_word' id='word_1_158' title='bbox 624 1867 652 1915; x_wconf 90' lang='lat' dir='ltr'>et</span> <span class='ocrx_word' id='word_1_159' title='bbox 672 1857 780 1932; x_wconf 87' lang='lat' dir='ltr'>captivi</span> <span class='ocrx_word' id='word_1_160' title='bbox 801 1858 925 1914; x_wconf 90' lang='lat' dir='ltr'>militurn</span> <span class='ocrx_word' id='word_1_161' title='bbox 944 1857 1040 1933; x_wconf 81' lang='lat' dir='ltr'>praeda</span> <span class='ocrx_word' id='word_1_162' title='bbox 1056 1856 1115 1915; x_wconf 85' lang='lat' dir='ltr'>fuc-</span> 
     </span>
     <span class='ocr_line' id='line_1_21' title="bbox 170 1936 1164 2013; baseline 0.002 -20"><span class='ocrx_word' id='word_1_163' title='bbox 170 1948 245 2006; x_wconf 91' lang='lat' dir='ltr'>rant,</span> <span class='ocrx_word' id='word_1_164' title='bbox 261 1948 358 1995; x_wconf 89' lang='lat' dir='ltr'>tamen</span> <span class='ocrx_word' id='word_1_165' title='bbox 377 1946 406 1995; x_wconf 86' lang='lat' dir='ltr'>ct</span> <span class='ocrx_word' id='word_1_166' title='bbox 430 1956 466 1995; x_wconf 88' lang='lat' dir='ltr'>ex</span> <span class='ocrx_word' id='word_1_167' title='bbox 491 1938 581 2013; x_wconf 87' lang='lat' dir='ltr'>pretio</span> <span class='ocrx_word' id='word_1_168' title='bbox 606 1956 704 1994; x_wconf 89' lang='lat' dir='ltr'>rerum</span> <span class='ocrx_word' id='word_1_169' title='bbox 729 1936 912 1993; x_wconf 87' lang='lat' dir='ltr'>venditarum</span> <span class='ocrx_word' id='word_1_170' title='bbox 936 1938 1116 2012; x_wconf 87' lang='lat' dir='ltr'>aliquantum</span> <span class='ocrx_word' id='word_1_171' title='bbox 1126 1940 1164 1995; x_wconf 82' lang='lat'>20</span> 
     </span>
     <span class='ocr_line' id='line_1_22' title="bbox 170 2016 1115 2094; baseline -0.001 -20"><span class='ocrx_word' id='word_1_172' title='bbox 170 2019 305 2094; x_wconf 87' lang='lat' dir='ltr'>pecuniae</span> <span class='ocrx_word' id='word_1_173' title='bbox 328 2017 478 2075; x_wconf 91' lang='lat' dir='ltr'>redactum</span> <span class='ocrx_word' id='word_1_174' title='bbox 500 2036 562 2073; x_wconf 88' lang='lat' dir='ltr'>esse</span> <span class='ocrx_word' id='word_1_175' title='bbox 582 2025 703 2084; x_wconf 88' lang='lat' dir='ltr'>constat,</span> <span class='ocrx_word' id='word_1_176' title='bbox 718 2025 747 2073; x_wconf 90' lang='lat' dir='ltr'>et</span> <span class='ocrx_word' id='word_1_177' title='bbox 766 2016 887 2073; x_wconf 88' lang='lat' dir='ltr'>multam</span> <span class='ocrx_word' id='word_1_178' title='bbox 901 2018 1054 2092; x_wconf 89' lang='lat' dir='ltr'>pretiosam</span> <span class='ocrx_word' id='word_1_179' title='bbox 1069 2036 1115 2073; x_wconf 92' lang='lat' dir='ltr'>su-</span> 
     </span>
     <span class='ocr_line' id='line_1_23' title="bbox 169 2095 894 2173; baseline -0.004 -19"><span class='ocrx_word' id='word_1_180' title='bbox 169 2097 347 2173; x_wconf 87' lang='lat' dir='ltr'>pellectilem</span> <span class='ocrx_word' id='word_1_181' title='bbox 361 2108 529 2172; x_wconf 88' lang='lat' dir='ltr'>vestemque</span> <span class='ocrx_word' id='word_1_182' title='bbox 544 2095 661 2153; x_wconf 88' lang='lat' dir='ltr'>missam</span> <span class='ocrx_word' id='word_1_183' title='bbox 675 2095 894 2171; x_wconf 86' lang='lat' dir='ltr'>Carthaginem.</span> 
     </span>
    </p>

    <p class='ocr_par' dir='ltr' id='par_1_4' title="bbox 107 2174 1166 3519">
     <span class='ocr_line' id='line_1_24' title="bbox 107 2174 1115 2254; baseline -0.001 -21"><span class='ocrx_word' id='word_1_184' title='bbox 107 2190 133 2254; x_wconf 71' lang='lat'>7.</span> <span class='ocrx_word' id='word_1_185' title='bbox 212 2174 325 2233; x_wconf 91' lang='lat' dir='ltr'>Octavo</span> <span class='ocrx_word' id='word_1_186' title='bbox 345 2194 453 2245; x_wconf 89' lang='lat' dir='ltr'>mense,</span> <span class='ocrx_word' id='word_1_187' title='bbox 471 2194 559 2251; x_wconf 89' lang='lat' dir='ltr'>quam</span> <span class='ocrx_word' id='word_1_188' title='bbox 582 2186 710 2251; x_wconf 86' lang='lat' dir='ltr'>coeptum</span> <span class='ocrx_word' id='word_1_189' title='bbox 734 2175 904 2252; x_wconf 88' lang='lat' dir='ltr'>oppugnari,</span> <span class='ocrx_word' id='word_1_190' title='bbox 924 2183 1041 2250; x_wconf 88' lang='lat' dir='ltr'>captum</span> <span class='ocrx_word' id='word_1_191' title='bbox 1064 2174 1115 2232; x_wconf 90' lang='lat' dir='ltr'>Sa-</span> 
     </span>
     <span class='ocr_line' id='line_1_25' title="bbox 169 2254 1115 2332; baseline 0 -21"><span class='ocrx_word' id='word_1_192' title='bbox 169 2266 296 2331; x_wconf 90' lang='lat' dir='ltr'>guntum</span> <span class='ocrx_word' id='word_1_193' title='bbox 318 2255 437 2332; x_wconf 90' lang='lat' dir='ltr'>quidam</span> <span class='ocrx_word' id='word_1_194' title='bbox 457 2254 616 2331; x_wconf 85' lang='lat' dir='ltr'>scripsere:</span> <span class='ocrx_word' id='word_1_195' title='bbox 641 2254 708 2311; x_wconf 91' lang='lat' dir='ltr'>inde</span> <span class='ocrx_word' id='word_1_196' title='bbox 730 2254 936 2332; x_wconf 84' lang='lat' dir='ltr'>Carthaginem</span> <span class='ocrx_word' id='word_1_197' title='bbox 958 2272 1064 2312; x_wconf 87' lang='lat' dir='ltr'>novam</span> <span class='ocrx_word' id='word_1_198' title='bbox 1086 2255 1115 2311; x_wconf 90' lang='lat' dir='ltr'>in</span> 
     </span>
     <span class='ocr_line' id='line_1_26' title="bbox 169 2333 1164 2411; baseline -0.002 -18"><span class='ocrx_word' id='word_1_199' title='bbox 169 2334 293 2393; x_wconf 90' lang='lat' dir='ltr'>hiberna</span> <span class='ocrx_word' id='word_1_200' title='bbox 320 2334 517 2392; x_wconf 88' lang='lat' dir='ltr'>Hannibalem</span> <span class='ocrx_word' id='word_1_201' title='bbox 541 2334 726 2404; x_wconf 87' lang='lat' dir='ltr'>concessisse,</span> <span class='ocrx_word' id='word_1_202' title='bbox 751 2334 850 2411; x_wconf 90' lang='lat' dir='ltr'>quinto</span> <span class='ocrx_word' id='word_1_203' title='bbox 878 2333 979 2391; x_wconf 91' lang='lat' dir='ltr'>deinde</span> <span class='ocrx_word' id='word_1_204' title='bbox 1007 2337 1164 2402; x_wconf 82' lang='lat' dir='ltr'>mense,25</span> 
     </span>
     <span class='ocr_line' id='line_1_27' title="bbox 169 2412 1114 2489; baseline 0 -19"><span class='ocrx_word' id='word_1_205' title='bbox 169 2432 261 2488; x_wconf 86' lang='lat' dir='ltr'>quam</span> <span class='ocrx_word' id='word_1_206' title='bbox 281 2414 317 2470; x_wconf 95' lang='lat' dir='ltr'>ab</span> <span class='ocrx_word' id='word_1_207' title='bbox 336 2413 512 2489; x_wconf 87' lang='lat' dir='ltr'>Carthagine</span> <span class='ocrx_word' id='word_1_208' title='bbox 532 2412 677 2487; x_wconf 82' lang='lat' dir='ltr'>profectus</span> <span class='ocrx_word' id='word_1_209' title='bbox 698 2414 742 2483; x_wconf 93' lang='lat' dir='ltr'>sit,</span> <span class='ocrx_word' id='word_1_210' title='bbox 758 2415 790 2469; x_wconf 80' lang='lat' dir='ltr'>in·</span> <span class='ocrx_word' id='word_1_211' title='bbox 802 2412 917 2470; x_wconf 90' lang='lat' dir='ltr'>Italiam</span> <span class='ocrx_word' id='word_1_212' title='bbox 938 2414 1114 2488; x_wconf 84' lang='lat' dir='ltr'>pervenisse.</span> 
     </span>
     <span class='ocr_line' id='line_1_28' title="bbox 170 2491 1115 2568; baseline -0.001 -19"><span class='ocrx_word' id='word_1_213' title='bbox 170 2493 249 2560; x_wconf 75' lang='lat' dir='ltr'>Qua</span> <span class='ocrx_word' id='word_1_214' title='bbox 270 2494 295 2549; x_wconf 90' lang='lat' dir='ltr'>si</span> <span class='ocrx_word' id='word_1_215' title='bbox 319 2494 360 2551; x_wconf 90' lang='lat' dir='ltr'>ita</span> <span class='ocrx_word' id='word_1_216' title='bbox 383 2503 459 2563; x_wconf 89' lang='lat' dir='ltr'>sunt,</span> <span class='ocrx_word' id='word_1_217' title='bbox 475 2492 539 2549; x_wconf 91' lang='lat' dir='ltr'>fieri</span> <span class='ocrx_word' id='word_1_218' title='bbox 560 2510 617 2549; x_wconf 89' lang='lat' dir='ltr'>non</span> <span class='ocrx_word' id='word_1_219' title='bbox 642 2493 741 2568; x_wconf 89' lang='lat' dir='ltr'>potuit,</span> <span class='ocrx_word' id='word_1_220' title='bbox 757 2501 789 2549; x_wconf 90' lang='lat' dir='ltr'>ut</span> <span class='ocrx_word' id='word_1_221' title='bbox 809 2492 842 2547; x_wconf 91' lang='lat' dir='ltr'>P.</span> <span class='ocrx_word' id='word_1_222' title='bbox 863 2491 1025 2560; x_wconf 89' lang='lat' dir='ltr'>Cornelius,</span> <span class='ocrx_word' id='word_1_223' title='bbox 1047 2492 1115 2548; x_wconf 90' lang='lat' dir='ltr'>Tib.</span> 
     </span>
     <span class='ocr_line' id='line_1_29' title="bbox 169 2570 1116 2647; baseline -0.003 -18"><span class='ocrx_word' id='word_1_224' title='bbox 169 2572 361 2647; x_wconf 83' lang='lat' dir='ltr'>Sempronius</span> <span class='ocrx_word' id='word_1_225' title='bbox 383 2572 517 2629; x_wconf 90' lang='lat' dir='ltr'>consules</span> <span class='ocrx_word' id='word_1_226' title='bbox 539 2570 655 2639; x_wconf 85' lang='lat' dir='ltr'>suerint,</span> <span class='ocrx_word' id='word_1_227' title='bbox 672 2571 708 2628; x_wconf 87' lang='lat' dir='ltr'>ad</span> <span class='ocrx_word' id='word_1_228' title='bbox 730 2588 803 2645; x_wconf 86' lang='lat' dir='ltr'>quos</span> <span class='ocrx_word' id='word_1_229' title='bbox 825 2579 853 2626; x_wconf 90' lang='lat' dir='ltr'>et</span> <span class='ocrx_word' id='word_1_230' title='bbox 875 2570 1016 2643; x_wconf 89' lang='lat' dir='ltr'>principio</span> <span class='ocrx_word' id='word_1_231' title='bbox 1029 2588 1116 2643; x_wconf 93' lang='lat' dir='ltr'>oppu-</span> 
     </span>
     <span class='ocr_line' id='line_1_30' title="bbox 170 2648 1116 2729; baseline -0.006 -22"><span class='ocrx_word' id='word_1_232' title='bbox 170 2652 317 2729; x_wconf 86' lang='lat' dir='ltr'>gnationis</span> <span class='ocrx_word' id='word_1_233' title='bbox 331 2651 419 2727; x_wconf 87' lang='lat' dir='ltr'>legati</span> <span class='ocrx_word' id='word_1_234' title='bbox 441 2651 596 2727; x_wconf 84' lang='lat' dir='ltr'>Saguntini</span> <span class='ocrx_word' id='word_1_235' title='bbox 617 2650 697 2706; x_wconf 89' lang='lat' dir='ltr'>missi</span> <span class='ocrx_word' id='word_1_236' title='bbox 710 2650 777 2717; x_wconf 90' lang='lat' dir='ltr'>sint,</span> <span class='ocrx_word' id='word_1_237' title='bbox 793 2658 821 2705; x_wconf 91' lang='lat' dir='ltr'>et</span> <span class='ocrx_word' id='word_1_238' title='bbox 844 2648 895 2723; x_wconf 93' lang='lat' dir='ltr'>qui</span> <span class='ocrx_word' id='word_1_239' title='bbox 916 2648 947 2703; x_wconf 92' lang='lat' dir='ltr'>in</span> <span class='ocrx_word' id='word_1_240' title='bbox 961 2665 1013 2703; x_wconf 93' lang='lat' dir='ltr'>suo</span> <span class='ocrx_word' id='word_1_241' title='bbox 1027 2648 1116 2723; x_wconf 90' lang='lat' dir='ltr'>magi.</span> 
     </span>
     <span class='ocr_line' id='line_1_31' title="bbox 169 2726 1165 2799; baseline -0.004 -12"><span class='ocrx_word' id='word_1_242' title='bbox 169 2740 265 2788; x_wconf 91' lang='lat' dir='ltr'>stratu</span> <span class='ocrx_word' id='word_1_243' title='bbox 288 2749 357 2788; x_wconf 92' lang='lat' dir='ltr'>cum</span> <span class='ocrx_word' id='word_1_244' title='bbox 378 2729 553 2799; x_wconf 88' lang='lat' dir='ltr'>Hannibale,</span> <span class='ocrx_word' id='word_1_245' title='bbox 577 2729 649 2786; x_wconf 87' lang='lat' dir='ltr'>alter</span> <span class='ocrx_word' id='word_1_246' title='bbox 672 2728 708 2785; x_wconf 93' lang='lat' dir='ltr'>ad</span> <span class='ocrx_word' id='word_1_247' title='bbox 729 2727 868 2785; x_wconf 88' lang='lat' dir='ltr'>Ticinum</span> <span class='ocrx_word' id='word_1_248' title='bbox 887 2744 1010 2795; x_wconf 90' lang='lat' dir='ltr'>amnem,</span> <span class='ocrx_word' id='word_1_249' title='bbox 1034 2726 1165 2785; x_wconf 83' lang='lat' dir='ltr'>ambo30</span> 
     </span>
     <span class='ocr_line' id='line_1_32' title="bbox 171 2804 1116 2886; baseline -0.004 -19"><span class='ocrx_word' id='word_1_250' title='bbox 171 2809 321 2885; x_wconf 87' lang='lat' dir='ltr'>aliquanto</span> <span class='ocrx_word' id='word_1_251' title='bbox 335 2819 397 2886; x_wconf 90' lang='lat' dir='ltr'>post</span> <span class='ocrx_word' id='word_1_252' title='bbox 411 2810 447 2866; x_wconf 90' lang='lat' dir='ltr'>ad</span> <span class='ocrx_word' id='word_1_253' title='bbox 463 2809 610 2877; x_wconf 85' lang='lat' dir='ltr'>Trebiam,</span> <span class='ocrx_word' id='word_1_254' title='bbox 623 2808 826 2885; x_wconf 90' lang='lat' dir='ltr'>pugnaverint.</span> <span class='ocrx_word' id='word_1_255' title='bbox 868 2806 932 2863; x_wconf 90' lang='lat' dir='ltr'>Aut</span> <span class='ocrx_word' id='word_1_256' title='bbox 944 2804 1040 2862; x_wconf 91' lang='lat' dir='ltr'>omnia</span> <span class='ocrx_word' id='word_1_257' title='bbox 1055 2806 1116 2863; x_wconf 92' lang='lat' dir='ltr'>bre-</span> 
     </span>
     <span class='ocr_line' id='line_1_33' title="bbox 172 2885 1118 2965; baseline -0.002 -20"><span class='ocrx_word' id='word_1_258' title='bbox 172 2890 256 2945; x_wconf 89' lang='lat' dir='ltr'>viora</span> <span class='ocrx_word' id='word_1_259' title='bbox 277 2888 425 2965; x_wconf 86' lang='lat' dir='ltr'>aliquanto</span> <span class='ocrx_word' id='word_1_260' title='bbox 444 2888 535 2957; x_wconf 85' lang='lat' dir='ltr'>suere,</span> <span class='ocrx_word' id='word_1_261' title='bbox 552 2898 601 2945; x_wconf 93' lang='lat' dir='ltr'>aut</span> <span class='ocrx_word' id='word_1_262' title='bbox 622 2888 786 2963; x_wconf 87' lang='lat' dir='ltr'>Saguntum</span> <span class='ocrx_word' id='word_1_263' title='bbox 806 2885 946 2963; x_wconf 91' lang='lat' dir='ltr'>principio</span> <span class='ocrx_word' id='word_1_264' title='bbox 967 2885 1045 2956; x_wconf 88' lang='lat' dir='ltr'>anui,</span> <span class='ocrx_word' id='word_1_265' title='bbox 1060 2905 1118 2962; x_wconf 91' lang='lat' dir='ltr'>quo</span> 
     </span>
     <span class='ocr_line' id='line_1_34' title="bbox 172 2963 1118 3043; baseline -0.002 -18"><span class='ocrx_word' id='word_1_266' title='bbox 172 2968 205 3025; x_wconf 92' lang='lat' dir='ltr'>P.</span> <span class='ocrx_word' id='word_1_267' title='bbox 221 2967 386 3037; x_wconf 87' lang='lat' dir='ltr'>Cornelius,</span> <span class='ocrx_word' id='word_1_268' title='bbox 402 2967 470 3025; x_wconf 86' lang='lat' dir='ltr'>Tib.</span> <span class='ocrx_word' id='word_1_269' title='bbox 486 2967 673 3043; x_wconf 88' lang='lat' dir='ltr'>Sempronius</span> <span class='ocrx_word' id='word_1_270' title='bbox 688 2966 821 3024; x_wconf 87' lang='lat' dir='ltr'>consules</span> <span class='ocrx_word' id='word_1_271' title='bbox 840 2963 966 3035; x_wconf 85' lang='lat' dir='ltr'>fuerunt,</span> <span class='ocrx_word' id='word_1_272' title='bbox 981 2984 1039 3024; x_wconf 92' lang='lat' dir='ltr'>non</span> <span class='ocrx_word' id='word_1_273' title='bbox 1059 2985 1118 3023; x_wconf 86' lang='lat' dir='ltr'>coe·</span> 
     </span>
     <span class='ocr_line' id='line_1_35' title="bbox 172 3045 1118 3124; baseline -0.002 -21"><span class='ocrx_word' id='word_1_274' title='bbox 172 3056 255 3124; x_wconf 90' lang='lat' dir='ltr'>ptum</span> <span class='ocrx_word' id='word_1_275' title='bbox 275 3048 436 3123; x_wconf 89' lang='lat' dir='ltr'>oppugnati</span> <span class='ocrx_word' id='word_1_276' title='bbox 451 3055 502 3116; x_wconf 89' lang='lat' dir='ltr'>cst,</span> <span class='ocrx_word' id='word_1_277' title='bbox 519 3045 568 3103; x_wconf 87' lang='lat' dir='ltr'>sed</span> <span class='ocrx_word' id='word_1_278' title='bbox 583 3056 710 3123; x_wconf 89' lang='lat' dir='ltr'>captum.</span> <span class='ocrx_word' id='word_1_279' title='bbox 753 3045 833 3104; x_wconf 90' lang='lat' dir='ltr'>Nam</span> <span class='ocrx_word' id='word_1_280' title='bbox 846 3046 1004 3103; x_wconf 87' lang='lat' dir='ltr'>excessisse</span> <span class='ocrx_word' id='word_1_281' title='bbox 1020 3064 1118 3124; x_wconf 85' lang='lat' dir='ltr'>pugna</span> 
     </span>
     <span class='ocr_line' id='line_1_36' title="bbox 172 3124 1166 3183; baseline -0.001 0"><span class='ocrx_word' id='word_1_282' title='bbox 172 3125 210 3183; x_wconf 90' lang='lat' dir='ltr'>ad</span> <span class='ocrx_word' id='word_1_283' title='bbox 232 3126 372 3183; x_wconf 87' lang='lat' dir='ltr'>Trebiam</span> <span class='ocrx_word' id='word_1_284' title='bbox 395 3127 425 3183; x_wconf 91' lang='lat' dir='ltr'>in</span> <span class='ocrx_word' id='word_1_285' title='bbox 449 3145 558 3183; x_wconf 89' lang='lat' dir='ltr'>annum</span> <span class='ocrx_word' id='word_1_286' title='bbox 580 3126 634 3183; x_wconf 91' lang='lat' dir='ltr'>Cn.</span> <span class='ocrx_word' id='word_1_287' title='bbox 657 3126 775 3183; x_wconf 87' lang='lat' dir='ltr'>Servilii</span> <span class='ocrx_word' id='word_1_288' title='bbox 797 3134 826 3183; x_wconf 87' lang='lat' dir='ltr'>at</span> <span class='ocrx_word' id='word_1_289' title='bbox 846 3124 881 3183; x_wconf 94' lang='lat' dir='ltr'>C.</span> <span class='ocrx_word' id='word_1_290' title='bbox 904 3124 1042 3182; x_wconf 89' lang='lat' dir='ltr'>Flaminii</span> <span class='ocrx_word' id='word_1_291' title='bbox 1061 3144 1117 3182; x_wconf 91' lang='lat' dir='ltr'>non</span> <span class='ocrx_word' id='word_1_292' title='bbox 1128 3127 1166 3183; x_wconf 83' lang='lat'>35</span> 
     </span>
     <span class='ocr_line' id='line_1_37' title="bbox 172 3204 1118 3281; baseline 0 -19"><span class='ocrx_word' id='word_1_293' title='bbox 172 3214 272 3281; x_wconf 89' lang='lat' dir='ltr'>potest,</span> <span class='ocrx_word' id='word_1_294' title='bbox 288 3206 358 3281; x_wconf 90' lang='lat' dir='ltr'>quia</span> <span class='ocrx_word' id='word_1_295' title='bbox 372 3206 405 3263; x_wconf 92' lang='lat' dir='ltr'>C.</span> <span class='ocrx_word' id='word_1_296' title='bbox 422 3205 585 3263; x_wconf 92' lang='lat' dir='ltr'>Flaminius</span> <span class='ocrx_word' id='word_1_297' title='bbox 606 3205 734 3262; x_wconf 79' lang='lat' dir='ltr'>Arimini</span> <span class='ocrx_word' id='word_1_298' title='bbox 748 3205 931 3263; x_wconf 89' lang='lat' dir='ltr'>consulatum</span> <span class='ocrx_word' id='word_1_299' title='bbox 949 3204 1022 3273; x_wconf 90' lang='lat' dir='ltr'>iniit,</span> <span class='ocrx_word' id='word_1_300' title='bbox 1037 3222 1118 3262; x_wconf 90' lang='lat' dir='ltr'>crea·</span> 
     </span>
     <span class='ocr_line' id='line_1_38' title="bbox 172 3281 1117 3361; baseline -0.003 -19"><span class='ocrx_word' id='word_1_301' title='bbox 172 3294 252 3342; x_wconf 89' lang='lat' dir='ltr'>tusa</span> <span class='ocrx_word' id='word_1_302' title='bbox 266 3284 334 3341; x_wconf 92' lang='lat' dir='ltr'>Tib.</span> <span class='ocrx_word' id='word_1_303' title='bbox 355 3285 523 3361; x_wconf 90' lang='lat' dir='ltr'>Sempronio</span> <span class='ocrx_word' id='word_1_304' title='bbox 542 3285 669 3355; x_wconf 87' lang='lat' dir='ltr'>consule,</span> <span class='ocrx_word' id='word_1_305' title='bbox 685 3285 736 3360; x_wconf 92' lang='lat' dir='ltr'>qui</span> <span class='ocrx_word' id='word_1_306' title='bbox 758 3292 820 3361; x_wconf 90' lang='lat' dir='ltr'>post</span> <span class='ocrx_word' id='word_1_307' title='bbox 842 3302 969 3360; x_wconf 88' lang='lat' dir='ltr'>pugnam</span> <span class='ocrx_word' id='word_1_308' title='bbox 991 3282 1026 3339; x_wconf 87' lang='lat' dir='ltr'>ad</span> <span class='ocrx_word' id='word_1_309' title='bbox 1045 3281 1117 3340; x_wconf 91' lang='lat' dir='ltr'>Tre-</span> 
     </span>
     <span class='ocr_line' id='line_1_39' title="bbox 173 3360 1119 3431; baseline -0.001 -10"><span class='ocrx_word' id='word_1_310' title='bbox 173 3364 251 3421; x_wconf 84' lang='lat' dir='ltr'>biam</span> <span class='ocrx_word' id='word_1_311' title='bbox 266 3363 303 3420; x_wconf 92' lang='lat' dir='ltr'>ad</span> <span class='ocrx_word' id='word_1_312' title='bbox 318 3364 458 3422; x_wconf 89' lang='lat' dir='ltr'>creandos</span> <span class='ocrx_word' id='word_1_313' title='bbox 472 3364 605 3421; x_wconf 88' lang='lat' dir='ltr'>consules</span> <span class='ocrx_word' id='word_1_314' title='bbox 620 3360 743 3421; x_wconf 83' lang='lat' dir='ltr'>Romam</span> <span class='ocrx_word' id='word_1_315' title='bbox 764 3382 833 3419; x_wconf 91' lang='lat' dir='ltr'>oum</span> <span class='ocrx_word' id='word_1_316' title='bbox 847 3363 980 3431; x_wconf 87' lang='lat' dir='ltr'>venisset,</span> <span class='ocrx_word' id='word_1_317' title='bbox 996 3361 1119 3420; x_wconf 87' lang='lat' dir='ltr'>comitiis</span> 
     </span>
     <span class='ocr_line' id='line_1_40' title="bbox 172 3441 826 3519; baseline -0.005 -19"><span class='ocrx_word' id='word_1_318' title='bbox 172 3442 311 3519; x_wconf 87' lang='lat' dir='ltr'>perfectis</span> <span class='ocrx_word' id='word_1_319' title='bbox 326 3444 362 3500; x_wconf 92' lang='lat' dir='ltr'>ad</span> <span class='ocrx_word' id='word_1_320' title='bbox 377 3444 538 3501; x_wconf 89' lang='lat' dir='ltr'>exercitum</span> <span class='ocrx_word' id='word_1_321' title='bbox 551 3444 582 3500; x_wconf 91' lang='lat' dir='ltr'>in</span> <span class='ocrx_word' id='word_1_322' title='bbox 596 3443 718 3500; x_wconf 88' lang='lat' dir='ltr'>hiberna</span> <span class='ocrx_word' id='word_1_323' title='bbox 731 3441 826 3499; x_wconf 86' lang='lat' dir='ltr'>rediit.</span> 
     </span>
    </p>

    <p class='ocr_par' dir='ltr' id='par_1_5' title="bbox 172 3519 1166 3917">
     <span class='ocr_line' id='line_1_41' title="bbox 214 3519 1166 3598; baseline -0.002 -17"><span class='ocrx_word' id='word_1_324' title='bbox 214 3520 296 3581; x_wconf 90' lang='lat' dir='ltr'>XVI.</span> <span class='ocrx_word' id='word_1_325' title='bbox 320 3523 383 3580; x_wconf 87' lang='lat' dir='ltr'>Sub</span> <span class='ocrx_word' id='word_1_326' title='bbox 397 3524 473 3579; x_wconf 91' lang='lat' dir='ltr'>idern</span> <span class='ocrx_word' id='word_1_327' title='bbox 488 3521 548 3580; x_wconf 84' lang='lat' dir='ltr'>fere</span> <span class='ocrx_word' id='word_1_328' title='bbox 563 3532 677 3598; x_wconf 88' lang='lat' dir='ltr'>tempus</span> <span class='ocrx_word' id='word_1_329' title='bbox 691 3531 719 3580; x_wconf 90' lang='lat' dir='ltr'>et</span> <span class='ocrx_word' id='word_1_330' title='bbox 739 3521 837 3596; x_wconf 90' lang='lat' dir='ltr'>legati,</span> <span class='ocrx_word' id='word_1_331' title='bbox 852 3520 903 3596; x_wconf 92' lang='lat' dir='ltr'>qui</span> <span class='ocrx_word' id='word_1_332' title='bbox 924 3519 1069 3576; x_wconf 88' lang='lat' dir='ltr'>redierant</span> <span class='ocrx_word' id='word_1_333' title='bbox 1083 3520 1166 3579; x_wconf 78' lang='lat' dir='ltr'>abta</span> 
     </span>
     <span class='ocr_line' id='line_1_42' title="bbox 173 3600 1119 3677; baseline -0.001 -19"><span class='ocrx_word' id='word_1_334' title='bbox 173 3600 360 3677; x_wconf 80' lang='lat' dir='ltr'>Carthagine,</span> <span class='ocrx_word' id='word_1_335' title='bbox 387 3602 509 3659; x_wconf 87' lang='lat' dir='ltr'>Romam</span> <span class='ocrx_word' id='word_1_336' title='bbox 538 3602 708 3670; x_wconf 89' lang='lat' dir='ltr'>retulerunt,</span> <span class='ocrx_word' id='word_1_337' title='bbox 734 3600 830 3657; x_wconf 89' lang='lat' dir='ltr'>omnia</span> <span class='ocrx_word' id='word_1_338' title='bbox 858 3600 971 3657; x_wconf 90' lang='lat' dir='ltr'>hostilia</span> <span class='ocrx_word' id='word_1_339' title='bbox 995 3618 1067 3668; x_wconf 89' lang='lat' dir='ltr'>esse,</span> <span class='ocrx_word' id='word_1_340' title='bbox 1090 3609 1119 3657; x_wconf 87' lang='lat' dir='ltr'>et</span> 
     </span>
     <span class='ocr_line' id='line_1_43' title="bbox 173 3666 1124 3758; baseline -0.004 -19"><span class='ocrx_word' id='word_1_341' title='bbox 173 3680 298 3758; x_wconf 84' lang='lat' dir='ltr'>Sagunti</span> <span class='ocrx_word' id='word_1_342' title='bbox 313 3682 459 3739; x_wconf 88' lang='lat' dir='ltr'>excidium</span> <span class='ocrx_word' id='word_1_343' title='bbox 481 3682 644 3738; x_wconf 85' lang='lat' dir='ltr'>nuntiatum</span> <span class='ocrx_word' id='word_1_344' title='bbox 659 3689 718 3737; x_wconf 90' lang='lat' dir='ltr'>est:</span> <span class='ocrx_word' id='word_1_345' title='bbox 741 3688 895 3755; x_wconf 84' lang='lat' dir='ltr'>tantusque</span> <span class='ocrx_word' id='word_1_346' title='bbox 909 3677 996 3735; x_wconf 91' lang='lat' dir='ltr'>simul</span> <span class='ocrx_word' id='word_1_347' title='bbox 1016 3666 1124 3747; x_wconf 64' lang='lat' dir='ltr'>maero‘r,</span> 
     </span>
     <span class='ocr_line' id='line_1_44' title="bbox 173 3756 1120 3839; baseline -0.002 -22"><span class='ocrx_word' id='word_1_348' title='bbox 173 3772 271 3839; x_wconf 89' lang='lat' dir='ltr'>patres</span> <span class='ocrx_word' id='word_1_349' title='bbox 292 3761 548 3835; x_wconf 85' lang='lat' dir='ltr'>misericordiaque</span> <span class='ocrx_word' id='word_1_350' title='bbox 563 3760 706 3817; x_wconf 91' lang='lat' dir='ltr'>sociorum</span> <span class='ocrx_word' id='word_1_351' title='bbox 727 3769 940 3834; x_wconf 85' lang='lat' dir='ltr'>peremptorum</span> <span class='ocrx_word' id='word_1_352' title='bbox 960 3756 1077 3833; x_wconf 87' lang='lat' dir='ltr'>indigne</span> <span class='ocrx_word' id='word_1_353' title='bbox 1091 3766 1120 3815; x_wconf 89' lang='lat' dir='ltr'>at</span> 
     </span>
     <span class='ocr_line' id='line_1_45' title="bbox 172 3834 1120 3917; baseline -0.004 -19"><span class='ocrx_word' id='word_1_354' title='bbox 172 3840 266 3917; x_wconf 89' lang='lat' dir='ltr'>pudor</span> <span class='ocrx_word' id='word_1_355' title='bbox 280 3858 338 3899; x_wconf 91' lang='lat' dir='ltr'>non</span> <span class='ocrx_word' id='word_1_356' title='bbox 349 3840 400 3899; x_wconf 92' lang='lat' dir='ltr'>lati</span> <span class='ocrx_word' id='word_1_357' title='bbox 412 3840 514 3898; x_wconf 88' lang='lat' dir='ltr'>auxilii</span> <span class='ocrx_word' id='word_1_358' title='bbox 525 3848 553 3897; x_wconf 89' lang='lat' dir='ltr'>et</span> <span class='ocrx_word' id='word_1_359' title='bbox 563 3840 608 3896; x_wconf 91' lang='lat' dir='ltr'>ira</span> <span class='ocrx_word' id='word_1_360' title='bbox 617 3838 648 3895; x_wconf 90' lang='lat' dir='ltr'>in</span> <span class='ocrx_word' id='word_1_361' title='bbox 658 3836 912 3914; x_wconf 82' lang='lat' dir='ltr'>Carthaginienses</span> <span class='ocrx_word' id='word_1_362' title='bbox 922 3846 1073 3913; x_wconf 84' lang='lat' dir='ltr'>metusque</span> <span class='ocrx_word' id='word_1_363' title='bbox 1084 3834 1120 3894; x_wconf 89' lang='lat' dir='ltr'>da</span> 
     </span>
    </p>
   </div>
   <div class='ocr_carea' id='block_1_3' title="bbox 0 0 1371 4292">
    <p class='ocr_par' dir='ltr' id='par_1_6' title="bbox 0 0 1371 4292">
     <span class='ocr_line' id='line_1_46' title="bbox 0 0 1371 4292; baseline 0 0"><span class='ocrx_word' id='word_1_364' title='bbox 0 0 1371 4292; x_wconf 95' lang='lat' dir='ltr'> </span> 
     </span>
    </p>
   </div>
  </div>
 </body>
</html>
