2717 4292
192 278 252 340 176
604 286 662 327 τιτι
684 284 758 328 mvn

237 421 340 500 juvant
348 421 572 498 jurabuntqu03
595 416 624 474 id
636 417 697 493 jam
712 416 779 473 fidei
791 415 995 474 documentum
1010 416 1040 471 it.
1056 413 1185 472 adversis

239 503 325 558 rebus
349 502 453 558 nostris
472 500 632 568 dederunt;
659 497 802 564 melioreS,
824 495 1032 570 prudentiores,
1055 504 1187 552 constan-

238 582 325 639 tiores
353 599 405 636 nos
432 589 545 654 tempus
570 577 689 652 diesque
718 574 797 632 lacit.
849 572 998 631 Hannibal
1028 584 1130 631 contra.
1158 573 1186 632 in

239 660 345 729 aliena,
360 661 390 715 in
405 659 500 715 hostili
515 666 558 714 est
578 666 665 723 terra,
681 655 757 711 inter
770 654 866 710 omnia
881 655 999 709 inimica
1014 653 1187 728 infestaque,

211 739 341 816 bprocul
364 739 401 795 ab
422 738 513 806 domo,
529 736 565 792 ab
586 735 679 811 patria
690 752 698 804 ;
721 752 815 808 neque
838 733 881 789 illi
901 743 980 790 terra
1000 752 1095 808 neque
1114 731 1188 787 mari

240 830 283 875 est
297 837 353 894 pax
364 837 373 889 3
383 817 485 873 ‘nullae
499 835 566 872 eum
588 814 675 870 urbes
689 813 844 888 accipiunt,
860 813 943 868 nulla
964 813 1091 883 moenia3
1116 808 1188 867 nihil

241 916 364 973 usquam
379 898 424 954 sui
439 894 525 964 videt,
540 896 569 950 in
584 894 660 950 diem
675 905 759 968 capto
773 893 860 948 vivit:
883 903 993 968 partem
1009 892 1058 947 vix
1072 890 1188 947 tertiam

240 977 459 1052 exercitusejus
470 975 563 1042 babet,
573 991 660 1049 quem
675 970 792 1029 Iberum
807 989 923 1028 amnem
937 971 1066 1046 trajecit:
1089 970 1188 1045 plures

242 1053 318 1113 fame
339 1067 435 1131 quam'
450 1054 526 1111 ferro
546 1051 713 1128 absumpsit,
735 1069 790 1108 neo
813 1051 858 1107 his
879 1051 980 1126 paucis
999 1051 1062 1126 jam
1077 1051 1188 1106 victum

194 1140 230 1196 10
241 1134 413 1210 suppeditat.
455 1132 580 1190 Dubitas
594 1149 673 1208 ergo,
693 1130 763 1206 quin
779 1128 903 1186 sedendo
917 1129 1082 1205 superaturi
1097 1129 1189 1184 simus

241 1231 319 1282 eum,
341 1214 391 1290 qui
412 1222 545 1270 sanescat
569 1212 600 1268 in
624 1210 694 1279 dies
715 1227 771 1266 non
793 1217 980 1278 commeatus,
1002 1226 1059 1264 non
1074 1206 1189 1283 supple·

241 1301 380 1362 mentum,
396 1311 453 1349 non
475 1291 629 1368 pecuniam
650 1288 778 1346 habeat?
820 1287 970 1352 Quamdiu
991 1306 1042 1364 pro
1058 1285 1189 1353 Geronii,

242 1372 356 1429 castelli
366 1372 485 1448 Apuliae
498 1371 600 1447 inopis,
609 1378 759 1444 tamquam
774 1386 824 1444 pro
832 1367 1018 1442 Carthaginis
1027 1363 1190 1422 moenibusl

241 1450 332 1507 -sed
347 1470 384 1508 ne
399 1450 539 1508 adversus
559 1447 718 1524 tequidem
740 1447 775 1503 de
790 1465 836 1503 me
857 1446 1010 1524 gloriabor.
1053 1445 1108 1502 Cn.
1124 1444 1190 1500 Ser·

194 1536 232 1591 15
243 1531 332 1587 vilius
346 1540 433 1605 atque
443 1529 562 1598 Atilius,
571 1528 693 1604 proximi
708 1526 851 1594 consules,
867 1525 931 1582 vide
946 1523 1190 1601 quemadmodum

242 1628 310 1666 eum
332 1609 473 1666 ludificati
498 1610 563 1665 sint.
605 1605 679 1662 Haec
702 1625 760 1662 una
780 1605 883 1662 salutis
904 1614 947 1662 est
961 1605 1017 1673 via,
1033 1603 1070 1662 L.
1089 1602 1191 1670 Paule,

242 1707 330 1762 quam
344 1687 491 1744 difficilem
505 1686 697 1760 infestamque
713 1686 792 1741 cives
806 1685 857 1741 tibi
878 1685 971 1760 magis
992 1702 1080 1759 quarn
1096 1683 1192 1740 hostes

243 1764 360 1823 facient.
403 1765 484 1822 ldem
505 1767 583 1822 enim
607 1766 658 1833 tui,
683 1764 759 1840 quod
783 1764 907 1821 hostium
934 1763 1047 1833 milites,
1072 1763 1189 1835 volent3

242 1844 318 1900 idem
346 1843 451 1912 Varro,
479 1844 580 1902 consul
609 1843 769 1910 Romanus,
794 1842 870 1918 quod
898 1841 1055 1912 Hannibal,
1081 1841 1193 1899 Poenus

193 1931 232 1986 20
242 1924 406 2000 imperator,
421 1925 535 2001 cupiet:
557 1922 669 1979 duobus
688 1922 812 1979 ducibus
833 1940 909 1978 unus
925 1923 1041 1978 resistas
1062 1931 1191 1998 oportet:

243 2005 359 2061 resistes
387 2014 493 2074 autem,
522 2003 661 2060 adversus
690 1999 799 2058 famam
824 2019 1011 2076 rumoresque
1040 2001 1192 2057 hominum

242 2084 313 2140 satis
337 2084 362 2141 si
384 2084 487 2141 firmus
509 2083 631 2150 steteris,
646 2083 670 2138 si
693 2091 721 2139 te
743 2100 838 2156 neque
859 2081 980 2158 collegae
1000 2099 1077 2136 vana
1096 2081 1193 2157 gloria

242 2179 336 2236 neque
360 2172 410 2219 tua
435 2161 509 2219 falsa
535 2162 656 2219 infamia
681 2161 811 2218 moverit.
868 2159 1029 2216 Veritatem
1058 2159 1193 2216 laborare

242 2241 328 2296 nimis
342 2260 418 2316 saepe
434 2243 524 2310 aiunt,
538 2241 685 2317 exstingui
706 2259 873 2314 nunquam:
894 2239 1018 2315 gloriam
1033 2239 1090 2314 ,qui
1112 2257 1191 2315 spre-

194 2320 325 2388 25verit,
343 2337 442 2375 veram
465 2320 591 2377 babebit.
634 2320 714 2389 Sine,
729 2319 861 2375 timidum
885 2337 936 2394 pro
957 2329 1051 2388 cauto,
1074 2317 1193 2374 tardum

243 2398 496 2474 pro-considerato,
512 2398 658 2455 imbellem
673 2418 725 2475 pro
739 2400 829 2475 perito
844 2397 912 2455 belli
927 2408 1046 2456 vocent:
1073 2397 1150 2454 malo
1164 2407 1192 2454 te

243 2479 358 2554 sapiens
380 2479 467 2536 bostis
488 2488 607 2547 metuat,
627 2497 715 2554 quam
731 2478 811 2534 stulti
833 2479 912 2534 cives
933 2477 1071 2534 laudent:
1093 2477 1193 2533 omnia

244 2559 397 2618 audentem
412 2569 576 2617 contemnet
597 2558 755 2626 Hannibal,
770 2557 843 2614 nibil
858 2567 966 2614 temere
982 2567 1116 2633 agentem
1134 2575 1192 2612 me-

243 2648 314 2696 tuet.
358 2639 424 2696 Nec
438 2659 501 2716 ego,
517 2649 549 2696 ut
573 2638 644 2695 nihil
671 2648 783 2714 agatur,
799 2636 849 2694 sed
875 2646 906 2694 ut
927 2646 1060 2714 agentem
1075 2648 1103 2693 te
1120 2636 1193 2692 ratio

194 2722 232 2777 30
243 2717 340 2788 ducat,
355 2737 412 2775 non
423 2717 555 2775 fortuna:
577 2728 635 2775 tuae
649 2717 796 2795 potestatis
805 2735 920 2793 semper
934 2729 965 2774 tu
976 2729 1086 2791 tuaque
1094 2716 1193 2772 omnia

243 2798 309 2867 sint,
324 2807 454 2854 armatus
475 2798 659 2873 intentusque
684 2798 732 2866 sis,
754 2815 848 2872 neque
871 2796 1016 2853 occasioni
1041 2806 1100 2852 tuae
1115 2795 1193 2852 desis

243 2892 338 2950 neque
351 2895 436 2932 suam
448 2876 631 2934 occasionem
652 2877 726 2934 hosti
740 2876 809 2934 des:
831 2877 927 2932 omnia
947 2894 1004 2932 non
1026 2875 1193 2951 properanti

243 2954 325 3011 clara
347 2964 485 3030 certaque
506 2966 600 3024 erunt,
617 2954 760 3013 festinatio
781 2955 941 3031 improvida
961 2965 1003 3013 est
1023 2965 1051 3012 et
1073 2951 1191 3012 eaeca.''

244 3031 310 3091 XL.
337 3033 490 3090 Adversus
512 3053 548 3091 ea
569 3036 660 3092 oratio
684 3035 812 3092 consulis
836 3034 914 3092 haud
939 3053 1009 3091 sane
1034 3032 1101 3090 laeta
1127 3031 1190 3100 fuit,

193 3116 231 3173 35
243 3113 338 3190 magis
359 3110 483 3182 fatentis,
505 3133 550 3183 ea,
565 3132 632 3188 quae
646 3114 765 3183 diceret,
781 3133 850 3172 vera
865 3132 952 3189 quam
979 3112 1078 3170 facilia
1100 3111 1190 3183 factu,

242 3212 323 3251 esse:
349 3192 480 3250 dictatori
502 3195 673 3270 magistrum
694 3195 825 3268 equitum
846 3193 1055 3250 intolerabilem
1078 3190 1189 3266 fuisse,

242 3273 311 3350 quid
326 3274 438 3330 consuli
454 3273 593 3330 adversus
607 3273 749 3349 collegam
765 3273 931 3330 seditiosum
947 3292 981 3329 ac
1001 3273 1192 3328 temerarium

242 3355 349 3410 virium
364 3365 451 3429 atque
467 3354 644 3410 auctoritatis
669 3351 754 3409 fore?
796 3353 835 3409 Se
860 3353 999 3428 populare
1020 3350 1191 3408 incendium

242 3434 335 3508 priore
356 3435 510 3491 consulatu
531 3434 702 3490 semiustum
723 3430 877 3508 effugisse:
903 3428 1011 3508 optare,
1038 3439 1070 3486 ut
1092 3431 1192 3487 omnia

196 3517 230 3570 40
242 3531 377 3587 prospere
398 3516 547 3570 evenirent
559 3532 567 3583 ;
590 3522 626 3582 et,
641 3512 665 3568 si
688 3511 755 3586 quid
779 3511 893 3569 adversi
914 3519 1040 3586 caperet,
1063 3509 1191 3566 bostium

241 3609 272 3646 se
302 3591 367 3647 telis
388 3592 482 3666 potius
511 3611 598 3667 quam
628 3589 776 3666 suffragiis
800 3591 939 3648 iratorum
965 3590 1076 3645 civium
1101 3597 1191 3664 caput

240 3667 431 3741 objecturum.
465 3670 514 3726 Ab
529 3671 583 3727 hoc
597 3688 729 3726 sermone
744 3668 904 3745 profectum
919 3669 1046 3725 Paulum
1060 3667 1190 3738 tradunt,

239 3747 477 3818 prosequentibus
486 3749 658 3822 primoribus
667 3760 797 3824 patrum:
817 3747 963 3824 plebeium
974 3747 1126 3805 consulam
1135 3763 1191 3805 sua

239 3820 1189 3906 plebesprosecutaturbaconspeotior,cumdignitatesdecssent·
