2717 4292
161 225 218 289 108
580 240 640 283 r1r1
662 240 748 283 mvn·

206 374 275 453 jure
297 375 393 433 verbis
415 373 584 451 disceptare,
607 392 676 430 cum
699 381 774 443 ante,
794 382 856 430 turn
878 372 1005 430 maxime
1027 372 1159 453 Sagunto

211 456 319 514 excisa.
363 454 441 511 Nam
465 454 489 510 si
511 454 665 510 verborum
686 453 900 528 disceptationis
921 471 969 509 res
989 464 1074 523 esset,
1089 453 1158 530 quid

212 534 306 593 soedus
321 533 514 591 Hasdrubalis
528 551 597 589 cum
612 532 722 590 Lutatii
737 534 831 608 priore
843 532 961 601 soedere,
976 532 1051 607 quod
1066 544 1159 591 muta.

211 624 274 673 tum
288 624 339 683 est,
352 612 578 688 comparandum
593 621 663 681 erat,
677 631 745 669 curn
759 613 790 667 in
804 610 915 668 Lutatii
930 610 1039 668 soedere
1055 612 1160 670 diserte

183 694 341 752 dadditum
355 687 438 760 esset,
454 693 494 749 ita
509 691 537 747 id
557 701 652 748 ratum
668 690 737 759 fore,
753 692 777 747 si
792 690 916 767 populus
930 691 1108 748 censuisset:
1129 692 1161 749 in

212 771 531 846 Hasdrubalisfoedere
542 790 597 827 nec
608 780 762 847 exceptum
777 770 835 827 tale
850 769 1008 845 quidquam
1024 770 1120 840 suerit,
1132 780 1161 829 et

212 861 253 911 tot
267 870 409 909 annorum
423 851 536 907 silentio
547 851 587 907 ita
597 851 665 908 vivo
680 869 714 906 eo
728 850 945 925 comprobatum
960 849 996 905 sit
1011 849 1115 920 soedus,
1128 859 1160 908 ut

210 934 250 989 'ne
264 942 376 989 mortuo
389 929 506 1006 quidem
521 940 637 986 auctore
652 928 811 1006 quidquam
825 937 998 985 mutaretur.
1048 928 1160 994 Quam-

213 1028 311 1087 quam,
327 1020 355 1067 et
375 1010 399 1066 si
421 1009 515 1085 priore
537 1008 645 1072 foedere
660 1018 795 1076 staretur,
810 1008 880 1065 satis
894 1018 1014 1065 cautum
1033 1019 1096 1066 erat
1110 1009 1161 1066 Sa·

166 1090 352 1165 leguntius,
368 1089 453 1146 sociis
469 1097 656 1163 utrorumque
671 1088 817 1163 exceptis:
840 1105 909 1143 nam
923 1105 1018 1163 neque
1033 1087 1162 1146 additum

214 1169 326 1226 aretiis
346 1168 396 1243 qui
410 1178 480 1225 tuno
495 1178 599 1237 essent,
615 1185 670 1224 nec
684 1186 721 1223 ne
735 1168 785 1241 qui
807 1175 905 1243 postea
926 1177 1162 1225 assumerentur:

214 1258 326 1305 etcum
341 1264 489 1304 assumere
503 1266 591 1304 novos
612 1246 715 1323 liceret
728 1246 829 1315 socios,
844 1245 910 1321 quis
931 1264 1048 1321 aequum
1062 1265 1163 1304 cense-

215 1337 259 1385 ret
273 1327 372 1384 aut-ob
383 1326 465 1383 nulla
479 1345 655 1401 quemquam
667 1326 769 1381 merita
783 1326 813 1381 in
828 1325 986 1382 amicitiam
1000 1326 1100 1402 recipi,
1113 1342 1164 1385 aut

216 1417 346 1482 receptos
366 1406 396 1461 in
418 1406 504 1462 fidem
526 1423 581 1462 non
597 1403 736 1461 defendit
778 1404 907 1461 Tantum
928 1423 965 1461 ne
980 1405 1163 1483 Carthagini-

169 1489 205 1544 15
215 1488 329 1543 ensium
352 1485 423 1542 socii
448 1495 498 1541 aut
521 1484 747 1541 sollicitarentur
768 1484 804 1540 ad
823 1482 1022 1554 defectionem,
1039 1496 1164 1543 autsua

215 1577 315 1642 sponte
330 1564 522 1622 desciscentes
537 1565 745 1639 reciperentur.

138 1608 192 1709 >l
256 1644 360 1721 Legati
383 1643 505 1721 Romani
521 1642 558 1699 ab
572 1642 757 1718 Carthagine,
773 1642 859 1699 sicuti
875 1642 911 1698 iis
926 1642 1026 1701 Romae
1040 1643 1163 1720 impera-

215 1732 277 1781 tum
293 1733 363 1790 erat,
379 1724 408 1778 in
424 1721 605 1797 Hispaniam,
621 1732 653 1777 ut
667 1722 779 1779 adirent
793 1722 934 1791 civitates,
950 1732 982 1780 ut
1000 1724 1030 1780 in
1045 1724 1164 1781 societa-

216 1811 274 1860 tem
290 1801 461 1878 pellicerent
475 1811 525 1858 aut
539 1811 703 1858 averterent
725 1821 742 1859 a
763 1801 869 1870 Panis,
885 1802 1072 1877 trajecerunt.
1116 1799 1165 1860 Ad

139 1922 141 1927 ·
166 1885 206 1941 20
217 1881 375 1959 Bargusios
397 1882 522 1958 primum
545 1890 697 1949 venerunt,
721 1900 739 1937 a
761 1881 867 1955 quibus
892 1881 1015 1957 benigne
1040 1883 1164 1958 excepti,

217 1963 286 2035 quia
308 1961 430 2019 taedebat
451 1961 564 2037 imperii
588 1960 702 2030 Punici,
717 1961 823 2017 multos
845 1972 924 2017 trans
945 1958 1062 2017 Iberum
1077 1981 1164 2039 popu-

217 2041 260 2098 los
275 2041 310 2098 ad
325 2037 491 2115 cupidinem
505 2058 588 2097 novae
609 2038 731 2097 fortunae
745 2050 910 2098 erexerunt.
954 2038 1023 2097 lude
1039 2051 1082 2097 est
1095 2059 1164 2098 ven·

216 2130 279 2178 tum
294 2120 328 2177 ad
345 2120 510 2188 Volcianos,
526 2116 781 2195 quorum'celebre
796 2137 847 2195 per
861 2118 1033 2195 Hispaniam
1049 2127 1164 2196 resp'on-

217 2219 282 2257 sum
307 2210 419 2256 ceteros
444 2200 563 2275 populos
588 2200 624 2255 ab
645 2200 781 2256 societate
807 2198 939 2255 [aonraoa
964 2200 1078 2256 avertit.
1121 2199 1166 2257 lta
1235 2256 1240 2262 .

167 2280 294 2339 25enim
317 2279 462 2335 maximus
483 2288 553 2335 natu
576 2297 612 2335 ex
635 2279 671 2335 iis
693 2279 724 2334 in
742 2278 865 2359 concilio
888 2278 1049 2354 respondit:
1072 2286 1165 2355 “quaa

217 2358 395 2415 verecundia
409 2368 460 2427 est,
477 2357 608 2427 Romani,
622 2358 768 2433 postulare
785 2377 833 2415 vos
848 2358 890 2415 uti
904 2369 1030 2415 vestram
1044 2358 1164 2417 Cartha-

216 2437 392 2511 giniensium
414 2438 549 2494 amicitiae
572 2456 782 2513 praeponamus,
798 2456 877 2506 cum,
896 2438 948 2512 qui
970 2438 999 2510 id
1023 2437 1164 2509 fecerunt,

217 2516 393 2594 Saguntinos
417 2517 686 2593 crudelius,·quam
710 2516 819 2575 Poenus
843 2517 932 2573 hostis
959 2517 1090 2593 prodidit,
1114 2537 1166 2575 vos

216 2597 288 2653 socii
303 2596 504 2672 prodideritisl
546 2595 589 2653 lbi
604 2599 740 2673 quaeratis
754 2596 847 2654 socios
861 2614 975 2666 censeo,
988 2598 1037 2653 ubi
1051 2597 1165 2674 Sagun-

111 2708 113 2713 ·
168 2679 205 2733 30
216 2676 277 2733 tina
292 2676 390 2734 clades
405 2676 501 2752 ignota
515 2685 574 2733 est:
597 2675 737 2753 Hispanis
751 2676 872 2753 populis,
888 2676 964 2733 sicut
978 2676 1110 2753 lugubre,
1125 2678 1163 2735 ita

216 2756 330 2832 insigne
353 2754 558 2811 documentum
581 2755 705 2831 Sagunti
730 2757 823 2812 ruinae
845 2766 940 2825 erunt,
955 2774 992 2812 ne
1011 2758 1078 2831 quis
1098 2755 1165 2813 fidei
1223 2765 1228 2767 ’

217 2833 358 2891 Rom'anae
383 2843 434 2889 ant
455 2834 584 2890 societati
610 2835 769 2892 confidat.''
820 2834 891 2893 Inde
916 2835 1060 2911 externplo
1085 2836 1166 2893 abire

216 2912 324 2969 finibus
338 2912 546 2969 Volcianorum
559 2912 634 2987 jussi
655 2914 692 2969 ab
706 2915 787 2971 nullo
801 2913 904 2972 deinde
920 2915 1044 2971 concilio
1058 2915 1164 2991 Hispa-

215 2993 273 3049 nioe
292 2992 462 3069 benigniora
476 2992 565 3048 verba
582 2991 686 3049 tulere.
727 2992 772 3051 lta
793 2993 990 3070 nequidquam
1012 3005 1166 3071 peragrata

169 3077 206 3134 35
217 3072 360 3149 Hispania
374 3072 404 3128 in
425 3069 554 3128 Galliam
568 3080 730 3129 transeunt.
774 3072 840 3130 XX.
863 3072 897 3131 ln
914 3074 950 3130 iis
963 3092 1040 3131 nova
1053 3075 1165 3132 terribi-

217 3152 310 3229 lisque
321 3152 433 3229 species
447 3151 510 3209 visa
523 3160 575 3221 est,
589 3151 665 3228 quod
681 3153 866 3210 armati-ita
879 3172 941 3210 mos
954 3153 1050 3230 gentis
1064 3164 1166 3212 erat-

216 3233 247 3289 in
268 3232 425 3290 concilium
446 3241 596 3289 venerunt.
638 3231 715 3288 Cum
736 3231 832 3289 verbis
853 3233 1024 3289 extollentes
1042 3233 1164 3310 gloriam

216 3314 411 3388 virtutemque
432 3311 529 3389 populi
545 3310 669 3368 Romani
684 3330 720 3368 ao
740 3312 970 3389 magnitudinem
989 3312 1104 3389 imperii
1118 3333 1166 3390 pe-

216 3393 325 3462 tissent,
341 3412 377 3449 ne
393 3392 482 3449 Poeno
505 3392 615 3447 bellum
637 3389 730 3448 ltaliae
743 3389 880 3448 inferenti
900 3409 952 3467 per
966 3409 1052 3468 agros
1067 3392 1167 3449 urbes-

170 3478 206 3531 40
216 3492 273 3547 que
287 3491 356 3529 suas
370 3472 522 3529 transitum
544 3470 654 3539 darent,
671 3481 768 3527 tantus
782 3489 850 3528 curn
873 3470 988 3527 fremitu
1004 3472 1081 3528 risus
1095 3472 1168 3529 dici-

217 3561 264 3607 tur
278 3562 367 3620 ortus,
380 3562 411 3608 ut
425 3552 474 3608 vix
489 3570 506 3607 a
520 3551 738 3627 magistratibus
752 3551 967 3625 majoribusque
978 3560 1049 3607 natu
1061 3551 1167 3626 juven-

216 3638 263 3685 tus
285 3630 452 3687 sedaretur:
475 3629 546 3686 adeo
571 3629 673 3687 stolida
695 3629 905 3705 impudensque
930 3630 1083 3704 postulatio
1104 3630 1168 3687 visa

216 3719 268 3775 est,
284 3726 413 3778 censere,
428 3728 465 3766 ne
477 3710 509 3765 in
524 3708 638 3766 ltaliam
653 3708 847 3767 transmittant
863 3708 943 3765 Galli
957 3707 1078 3778 bellum,
1090 3710 1168 3787 ipsos

215 3782 247 3842 id
256 3795 386 3844 avertere
396 3789 426 3843 in
437 3808 468 3845 se
480 3806 623 3865 agrosque
637 3808 706 3846 suos
720 3806 771 3865 pro
785 3788 890 3845 alienis
903 3785 1083 3865 populandos
1096 3788 1167 3863 obji-
