2717 4292
419 308 506 350 rrenn
526 310 600 352 mr.
642 311 708 351 car.
731 311 839 353 xxvur.
1070 303 1124 365 167

126 439 264 516 riumque
283 458 358 510 esse,
373 447 406 497 ut
420 458 473 516 par
486 441 560 498 hosti
579 457 636 498 non
650 441 746 500 solum
759 442 887 515 consilio,
902 443 953 502 sed
967 444 1079 504 viribus

127 520 216 578 etiam
236 528 323 588 esset,
339 520 364 576 si
385 536 474 594 quam
495 521 678 578 occasionem
699 523 742 579 rei
762 522 898 599 gerendae
916 523 1076 584 habuisset.

126 598 166 664 Q.
179 596 274 655 Fabio
287 596 516 673 haudquaquam
530 597 559 656 id
573 600 708 675 placere:
729 603 826 658 omnia
840 601 985 660 fortunam
999 605 1078 662 enim

126 677 305 746 habituram,
319 695 515 752 quaecumque
536 680 682 736 temeritas
702 680 824 758 collegae
837 681 1001 740 habuisset:
1022 685 1077 741 sibi

126 757 379 815 communicatum
393 775 462 813 cum
481 757 540 827 illo,
556 776 613 814 non
634 757 810 834 ademptum,
825 761 981 837 imperium
995 766 1107 820 essezb

125 836 226 911 itaque
241 854 274 893 se
287 852 439 910 nunquam
449 836 593 893 volentem
607 847 699 914 parte,
710 837 770 913 qua
783 849 885 915 posset,
898 857 996 897 rerum
1010 859 1076 898 con-

125 915 192 972 silio
207 913 407 990 gerendarum
427 933 598 987 cessurum3
619 935 675 974 nec
689 935 721 974 se
735 924 864 994 tempora
879 927 929 976 aut
949 918 1011 976 dies
1024 921 1077 978 im·
1181 971 1184 978 .

126 993 202 1070 perii
216 1012 287 1051 cum
301 1011 345 1064 eo,
360 994 522 1054 exercitum
536 993 707 1065 divisurum,
722 997 842 1072 suisque
857 997 993 1067 consiliis,
1008 1017 1077 1074 quo-

126 1073 208 1130 niam
236 1073 334 1129 omnia
357 1090 415 1129 non
443 1073 553 1144 liceret,
580 1093 647 1150 quae
670 1085 766 1151 posset
792 1086 987 1134 servaturum.
1033 1077 1077 1137 Ita

126 1151 261 1220 obtinuit,
277 1161 310 1209 ut
330 1151 467 1227 legiones,
483 1153 559 1210 sicut
579 1155 748 1212 consulibus
769 1173 830 1213 mos
851 1166 935 1227 esset,
950 1157 1026 1215 inter
1045 1177 1076 1216 se
1089 1162 1126 1217 10

126 1228 309 1288 dividerent:
331 1231 425 1307 prima
445 1240 474 1289 et
497 1242 602 1308 quarta
624 1231 764 1304 Minucio,
785 1235 915 1294 secunda
939 1245 968 1294 et
991 1238 1077 1296 tertia

127 1307 221 1367 Fabio
244 1319 422 1368 evenerunt:
443 1310 513 1368 item
537 1311 651 1387 equites
672 1313 736 1388 pari
760 1315 1076 1392 numero,soci1imque

127 1398 157 1446 et
180 1387 283 1447 Latini
303 1389 430 1448 nominis
449 1389 561 1447 auxilia
581 1390 760 1449 diviserunt:
785 1393 888 1451 castris
909 1411 941 1452 se
962 1413 1077 1472 quoque

17 1522 18 1529 ,
126 1468 261 1545 separari
274 1469 415 1546 magister
427 1469 561 1546 equitum
574 1469 676 1527 voluit.

168 1545 312 1605 XXVIII.
335 1546 453 1624 Duplex
465 1547 533 1606 inde
544 1547 705 1606 Hannibali
718 1549 860 1626 gaudium
871 1550 1077 1628 luite—neque
1090 1554 1127 1609 15

126 1627 207 1684 enim
228 1626 388 1703 quidquam
401 1645 595 1704 eorumquae
615 1627 691 1704 apud
712 1629 808 1687 hostes
828 1639 994 1708 agerentur,
1010 1649 1078 1688 eum

127 1703 259 1776 fallebat,
273 1714 303 1763 et
315 1705 447 1783 perfugis
460 1707 553 1765 multa
566 1706 770 1778 indicantibus,
786 1718 814 1766 et
834 1728 887 1786 per
900 1729 968 1768 suos
982 1709 1077 1786 explo-

127 1796 371 1843 rantemz—nam
394 1794 425 1843 et
454 1786 577 1843 liberam
602 1786 727 1844 Miuucii
751 1790 944 1847 temeritatem
968 1809 1000 1848 se
1025 1808 1078 1848 suo

126 1864 212 1922 modo
226 1873 423 1942 captaturum,
437 1874 467 1923 et
480 1865 615 1923 sollertiae
635 1865 721 1924 Fabii
742 1865 894 1926 dimidium
908 1869 1016 1926 virium
1030 1868 1076 1926 de-

127 1945 262 2003 cessisse.
305 1943 454 2002 Tumulus
475 1954 538 2003 erat
559 1945 635 2003 inter
655 1955 753 2004 castra
779 1945 902 2005 Minucii
923 1957 952 2005 et
976 1947 1076 2006 Poeno-
1088 1952 1126 2007 20

127 2041 204 2093 rum,
225 2042 316 2100 quem
334 2024 386 2100 qui
407 2033 587 2102 occupasset,
606 2024 685 2082 haud
708 2024 794 2084 dubie
819 2022 991 2102 iniquiorem
1016 2037 1077 2084 erat

126 2103 202 2162 hosti
220 2104 320 2161 locum
339 2103 481 2161 facturus.
524 2102 603 2161 Eum
623 2099 681 2161 non
701 2112 761 2162 tam
783 2123 887 2182 capere
908 2107 971 2164 sine
985 2116 1077 2164 certa·

127 2184 207 2241 mine
221 2183 338 2241 volebat
352 2181 509 2252 Hannibal,
521 2201 700 2259 quamquam
714 2184 742 2240 id
757 2203 852 2262 operae
866 2186 991 2263 pretium
1005 2195 1076 2256 erat,

127 2279 217 2338 quam
232 2281 354 2320 causam
374 2262 542 2320 certaminis
556 2281 624 2320 cum
646 2263 785 2335 Minucio,
800 2283 887 2342 quem
902 2283 1015 2343 semper
1030 2285 1076 2323 oc·

127 2359 286 2400 cursurum
301 2341 337 2399 ad
351 2341 546 2400 obsistendum
556 2343 626 2400 satis
639 2343 759 2414 sciebat,
771 2345 952 2402 contrahere.
994 2345 1078 2422 Ager
1088 2347 1127 2402 25

127 2422 220 2479 omnis
241 2419 356 2478 medius
376 2431 440 2479 erat
460 2422 553 2498 primu
573 2423 669 2498 specie
690 2424 802 2480 inutilis
821 2423 990 2494 insidiatori,
1008 2425 1076 2499 quia

127 2519 184 2559 non
208 2499 295 2558 modo
316 2501 448 2558 silvestre
472 2500 641 2578 quidquam,
663 2501 773 2559 sedne
798 2503 936 2578 vepribus
960 2502 1077 2576 quidem

128 2581 267 2638 vestitum
294 2580 437 2653 habebat3
470 2598 502 2637 re
534 2579 598 2657 ipsa
624 2590 711 2637 natus
737 2580 868 2657 tegendis
895 2581 1015 2649 Insidiis,
1044 2599 1078 2637 eo

128 2658 326 2737 magiskquod
339 2660 370 2717 in
384 2658 463 2716 nuda
477 2658 553 2716 valle
567 2658 651 2716 nulla
664 2659 732 2716 talis
745 2657 827 2716 fraus
840 2659 936 2715 timeri
950 2668 1077 2736 poterat:

127 2747 157 2796 et
181 2748 268 2797 erant
290 2739 322 2796 in
343 2737 523 2796 anfractibus
545 2757 626 2795 cavae
648 2755 745 2815 rupes,
767 2746 799 2795 ut
820 2737 954 2813 quaedam
976 2741 1127 2796 earum30

129 2817 259 2876 ducenos
281 2827 406 2875 armatos
428 2826 543 2894 possent
564 2836 680 2894 capere.
722 2815 757 2874 In
781 2817 834 2874 has
856 2816 992 2888 latebras,
1010 2827 1079 2893 quot

129 2916 276 2974 quemque
290 2898 388 2955 locum
399 2908 464 2973 apte
478 2896 603 2954 insidere
613 2906 753 2974 potarent,
763 2897 891 2974 quiaque
905 2897 998 2954 millia
1012 2915 1078 2956 cons

129 2976 239 3034 duntur
250 2975 379 3053 peditum
389 2977 589 3054 equitumque.
618 2975 737 3034 Necubi
747 2986 845 3034 tamen
857 2986 907 3035 aut
917 2986 1012 3036 motus
1027 2978 1077 3034 ali·

129 3056 216 3133 cujus
229 3065 341 3114 temere
355 3056 464 3133 egressi
479 3066 530 3113 aut
540 3055 637 3133 fulgor
651 3074 799 3114 armorum
814 3054 945 3115 fraudem
959 3059 990 3115 in
1002 3058 1078 3115 valle

130 3144 189 3193 tam
204 3144 306 3212 aperta
320 3133 475 3212 detegeret,
489 3135 585 3192 missis
605 3135 708 3212 paucis
722 3137 816 3214 prima
830 3135 897 3194 luce
913 3136 947 3194 ad
963 3138 1078 3214 capien-
1090 3139 1127 3195 35

130 3213 199 3270 dum
214 3231 303 3290 quem
318 3224 384 3272 ante
398 3214 524 3272 diximus
541 3215 696 3286 tumulum,
712 3215 816 3273 avertit
829 3215 928 3273 oculos
942 3215 1078 3273 hostIum.

130 3292 229 3350 Primo
248 3293 347 3350 statim
367 3303 523 3370 conspectu
537 3303 700 3372 contempta
721 3295 861 3370 paucitas,
877 3311 912 3351 ac
933 3293 987 3351 sibi
1002 3295 1078 3369 quis-

129 3390 187 3448 que
201 3371 358 3449 deposcere
372 3372 519 3448 pellendos
539 3373 606 3430 inde
621 3374 715 3432 hostes
729 3393 762 3431 ao
780 3373 877 3430 locum
893 3371 1077 3448 capiendum.

130 3449 200 3509 Dux
214 3451 276 3527 ipse
291 3451 368 3509 inter
378 3451 574 3510 stolidissimos
585 3452 835 3527 ferocissimosque
847 3451 882 3507 ad
894 3469 975 3508 arma
986 3460 1078 3520 vocat,

130 3539 159 3588 et
172 3531 257 3587 vanis
272 3531 377 3588 animis
391 3540 420 3588 et
434 3531 519 3588 minis
532 3532 664 3608 increpat
678 3532 806 3589 hostem:
829 3530 969 3606 principio
983 3530 1079 3587 levem
1090 3533 1127 3590 4⁰

131 3619 312 3666 armaturam
322 3610 447 3680 dimittit,
458 3609 561 3668 deinde
576 3620 708 3669 conserto
719 3609 834 3686 agmine
847 3610 932 3666 mittit
946 3609 1077 3684 equites3

131 3697 283 3764 postremo,
297 3707 368 3746 cum
386 3690 515 3747 hostibus
527 3708 644 3768 quoque
664 3688 794 3747 subsidia
814 3689 888 3746 mitti
903 3686 1021 3757 videret,
1036 3688 1078 3744 in·

131 3766 250 3826 structis
271 3767 435 3846 legionibus
458 3769 596 3846 procedit.
638 3768 678 3827 Et
700 3767 859 3838 Hannibal,
882 3766 1079 3826 laborantibus

133 3842 193 3906 suis
205 3846 268 3906 alia
280 3859 369 3925 atque
383 3847 452 3921 alia,
466 3857 499 3906 ut
518 3857 668 3907 crescente
682 3847 851 3919 certamine,
866 3847 983 3909 nubem
996 3847 1078 3907 auxi-
