2717 4292
425 298 512 341 amaa
532 300 605 341 nn.
646 301 712 340 car.
727 300 789 351 m,
802 300 877 340 mr.
1078 280 1134 343 161

148 426 347 504 nequidquam
361 446 475 485 summo
488 428 585 487 labore
598 439 771 507 oppugnata,
781 430 831 487 ubi
844 431 875 487 in
888 448 970 505 spem
982 431 1094 488 irritam

148 505 259 563 frustra
279 507 334 562 teri
355 516 469 583 tempus
490 508 725 565 animadversum
745 520 799 577 est,
821 509 858 565 ad
881 509 1094 584 populationem

148 587 213 661 egri
228 585 315 653 versi,
331 584 449 661 direptis
463 587 572 661 aliquot
584 588 767 663 incensisque
781 588 862 656 vicis,
878 590 987 665 majore
1003 608 1093 664 quam

147 682 184 719 ex
199 664 358 721 continenti
370 664 467 739 praeda
481 676 570 741 parta,
586 668 696 723 cumin
708 685 799 723 naves
811 686 843 723 se
857 669 1040 742 recepissent,
1055 686 1092 725 ex

146 741 324 799 Balearibus
345 743 450 799 insulis
472 742 559 820 legati
580 763 681 819 pacem
708 755 837 821 petentes
864 746 900 802 ad
927 746 1122 821 Scipionemb

147 832 303 878 venerunt.
334 819 405 878 Inde
420 822 495 879 flexa
506 834 582 879 retro
591 823 704 892 classis,
719 824 900 898 reditumque
914 826 944 880 in
957 826 1092 882 citeriora

96 956 100 961 ,
146 900 325 975 provinciae3
348 919 406 974 quo
419 902 547 957 omnium
561 902 739 977 populorum,
754 904 805 977 qui
816 902 933 959 iberum
947 903 1090 971 accolunt,

145 978 308 1036 multorum
322 987 351 1035 et
372 978 482 1036 ultimae
501 979 651 1055 Hispaniae
664 981 753 1056 legati
771 993 992 1039 concurrerunt.
1033 981 1091 1039 Sed

146 1058 282 1131 quivere
305 1057 419 1113 ditionis
442 1058 611 1134 imperiique
635 1058 761 1117 Romani
782 1059 852 1117 facti
864 1061 931 1133 sipt,
945 1059 1091 1117 obsidibus

145 1136 232 1206 datis,
260 1134 360 1211 populi
387 1136 512 1211 amplius
539 1136 656 1196 fuerunt
683 1148 801 1196 centum
828 1140 941 1215 viginti.
997 1138 1138 1215 lgiturlt

145 1214 334 1271 terrestribus
347 1232 461 1289 quoque
476 1216 565 1292 copiis
578 1217 648 1273 satis
668 1216 760 1274 fidens
780 1216 930 1274 Romanus
943 1236 1035 1293 usquo
1052 1216 1089 1274 od

146 1293 256 1349 saltum
269 1292 508 1351 Castulonensem
523 1304 566 1351 est
580 1312 759 1371 progressus.
800 1294 966 1354 Hasdrubal
980 1298 1011 1353 in
1029 1294 1089 1354 Lu-

146 1372 284 1427 sitaniam
299 1390 335 1428 ac
349 1372 465 1447 propius
479 1370 631 1430 Oceanum
645 1373 797 1430 concessit.

188 1449 270 1508 XXI.
303 1450 444 1516 Quietum
469 1450 535 1507 inde
558 1450 618 1508 fore
642 1451 795 1509 videbatur
816 1451 960 1527 reliquum
984 1453 1091 1509 astatis

144 1538 271 1603 tempus,
287 1527 445 1604 fuissetque
464 1548 516 1606 per
536 1530 658 1587 Poenum
674 1531 800 1587 hostem·
821 1529 881 1599 sed,
898 1539 1089 1607 praeterquam
1101 1536 1139 1589 15

145 1607 223 1683 quod
244 1608 374 1684 ipsorum
397 1607 594 1683 Hispanorum
617 1610 748 1684 inquieta
764 1574 930 1684 &videque
950 1610 980 1665 in
1001 1627 1091 1666 novas

146 1704 195 1743 res
210 1697 277 1743 sunt
291 1687 419 1763 ingenia,
442 1685 615 1743 Mandonius
634 1686 839 1762 Indebilisque,
853 1689 904 1763 qui
920 1697 1006 1745 antea
1019 1687 1089 1745 ller-

144 1774 246 1841 getum
262 1766 383 1842 regulus
398 1764 500 1835 fuerat,
512 1775 662 1840 postquam
672 1765 796 1823 Romani
810 1766 848 1822 ab
857 1768 934 1824 saltu
942 1785 1089 1823 recessere

144 1843 182 1901 ad
197 1844 374 1901 maritimam
388 1862 477 1913 oram,
492 1845 611 1901 concitis
631 1845 820 1920 popularibus
839 1845 870 1901 in
884 1864 987 1921 agrum
1002 1864 1087 1921 paca·

144 1931 207 1979 tum
222 1924 368 1979 sociorum
383 1922 579 1979 Romanorum
594 1922 629 1978 ad
644 1923 840 1999 populandum
853 1934 1004 1980 venerunt.
1028 1924 1087 1980 Ad·
1098 1928 1138 1981 2⁰

144 2020 250 2058 versus
278 2020 328 2058 eos
355 2002 489 2058 tribunus
510 2001 634 2057 militum
661 2020 730 2058 eum
757 2002 897 2077 expeditis
924 2003 1049 2070 auxiliis,
1071 2021 1089 2059 a

144 2079 282 2157 Scipione
303 2080 391 2149 missi,
407 2079 464 2137 levi
484 2079 652 2148 certamine,
667 2089 700 2137 ut
718 2077 939 2137 tumultuariam
960 2098 1088 2149 manum,

145 2156 249 2216 sudere
274 2178 392 2231 omnes3
424 2158 527 2216 occisis
548 2158 722 2233 quibusdam
744 2160 903 2235 captisque,
925 2177 1089 2236 magnaque

144 2248 228 2313 parte
251 2238 340 2294 armis
364 2247 463 2294 exuta.
512 2236 571 2293 Hic
594 2247 691 2294 tamen
715 2238 857 2295 tumultus
881 2238 1030 2295 cedentem
1052 2238 1088 2295 ad

145 2315 303 2373 Oceanum
330 2315 544 2373 Hasdrubalem
568 2316 611 2373 cis
634 2315 750 2374 Iberum
775 2316 811 2374 ad
837 2319 930 2374 socios
955 2317 1089 2374 tutandos
1097 2322 1137 2375 25

145 2396 279 2452 retraxit.
321 2393 424 2451 Castra
437 2395 550 2452 Punica
570 2395 599 2450 in
620 2414 689 2471 agro
703 2395 977 2471 Ilergavonensium,
993 2408 1089 2453 castra

145 2472 281 2531 Romana
296 2473 332 2531 ad
357 2473 471 2531 Novam
486 2474 609 2530 classem
629 2483 720 2541 erant,
735 2492 803 2530 cum
818 2473 896 2530 fama
916 2493 1019 2549 repens
1032 2474 1089 2530 alio

145 2554 252 2609 avertit
280 2552 400 2609 bellum.
454 2551 601 2621 Celtiberi,
629 2553 679 2627 qui
708 2552 852 2627 principes
875 2553 1000 2627 regionis
1027 2570 1089 2608 suae

144 2630 258 2708 legatos
286 2632 424 2687 miserant
450 2630 619 2705 obsidesque
649 2629 787 2686 dederant
814 2629 961 2697 Romanis,
988 2629 1090 2685 nuntio

116 2712 234 2777 ,misso
262 2729 280 2767 a
308 2709 442 2785 Scipione
469 2710 565 2779 exciti,
595 2726 676 2765 arma
703 2708 821 2783 capiunt
855 2707 1089 2783 provinciamque
1099 2712 1139 2767 3⁰

145 2788 433 2865 Carthaginiensium
455 2787 549 2845 valido
572 2788 703 2844 exercitu
725 2786 887 2858 invadunt3
912 2787 968 2843 tria
986 2785 1090 2862 oppida

146 2868 176 2925 vi
191 2876 370 2945 expugnant.
412 2865 491 2938 Inde,
504 2885 572 2923 cum
586 2866 646 2942 ipso
656 2864 842 2923 Hasdrubale
855 2865 967 2923 duobus
978 2865 1090 2941 proeliis

146 2946 266 3024 egregie
281 2955 428 3023 pugnant:
450 2964 486 3003 ae
498 2944 665 3021 quindecim
674 2945 766 3002 millia
779 2944 903 3003 bostium
911 2944 1089 3015 occiderunt,

146 3036 285 3101 quattuor
298 3024 391 3081 millia
404 3044 473 3082 cum
486 3024 585 3081 multis
598 3023 771 3081 militaribus
783 3024 874 3100 signis
887 3024 1015 3101 capiunt.

188 3102 286 3161 XXII.
309 3102 374 3162 Hoc
388 3113 464 3161 statu
478 3120 576 3159 rerum
596 3102 627 3160 in
644 3102 797 3179 Hispania,
819 3102 851 3159 P.
867 3102 964 3178 Scipio
983 3105 1014 3160 in
1028 3122 1090 3180 pro·
1101 3108 1140 3163 35

148 3182 277 3240 vinciam
292 3182 380 3252 venit,
395 3191 545 3259 prorogato
566 3191 627 3257 post
647 3182 831 3239 consulatum
850 3182 970 3259 imperio
990 3183 1027 3239 ab
1047 3202 1090 3240 se·

149 3272 219 3317 natu
234 3260 351 3330 missus,
367 3279 436 3318 cum
456 3262 574 3337 triginta
594 3260 688 3337 longis
702 3261 824 3317 navibus
837 3270 866 3317 et
885 3271 949 3318 octo
963 3260 1091 3316 millibus

149 3339 274 3396 militum
291 3358 452 3415 magnoque
461 3348 623 3396 commeatu
637 3339 768 3396 advecto.
804 3339 850 3396 Ea
864 3338 966 3394 classis
988 3338 1092 3413 ingens

149 3419 266 3493 agmine
290 3419 489 3474 onerariarum
514 3418 614 3494 procul
629 3419 700 3486 visa,
716 3436 784 3473 cum
804 3434 911 3493 magna
931 3416 1031 3472 laetitia
1050 3417 1091 3471 ci-

149 3497 230 3553 vium
245 3497 447 3572 sociorumque
461 3507 574 3572 portum
595 3494 771 3553 Tarraconis
785 3513 821 3551 ex
835 3494 892 3550 alto
906 3494 1007 3551 tenuit.
1049 3493 1141 3553 lbito

149 3576 241 3633 milite
265 3575 402 3650 exposito,
423 3558 567 3651 proiectus
591 3574 688 3651 Scipio
713 3572 795 3629 fratri
818 3591 850 3628 se
873 3572 1031 3648 conjungit,
1057 3591 1093 3629 ac

148 3650 254 3710 deinde
270 3653 417 3709 communi
432 3653 527 3710 animo
540 3652 716 3727 consilioque
730 3651 869 3726 gerebant
879 3650 999 3707 bellum.
1035 3650 1093 3709 Oc-

150 3732 264 3808 cupatis
288 3732 379 3807 igitur
401 3730 690 3807 Carthaginiensibus
710 3728 883 3786 Celtiberico
907 3728 991 3799 bello,
1016 3729 1095 3788 haud

151 3820 326 3869 cunctanter
344 3807 463 3871 Iberum
482 3808 752 3887 transgrediuntur;
774 3826 829 3866 nee
851 3807 912 3867 ullo
932 3809 994 3867 viso
1015 3809 1095 3869 hoste
