2717 4292
490 302 576 344 anan
596 301 641 344 nr.
683 301 749 344 aar.
765 303 817 345 an.
1108 287 1147 350 d'l

152 443 319 516 preessent,
335 433 511 512 militarique
529 434 636 492 honore
648 433 780 492 tribunos
793 431 919 493 militum
939 434 1099 511 appellare.

152 516 229 576 Cum
245 514 281 572 ad
295 533 364 572 eum
377 515 473 590 ipsum
487 515 613 591 primum
626 514 651 570 is
665 513 753 571 honos
766 513 936 584 deferretur,
948 521 967 550 “
976 514 1100 574 meliori·

154 596 208 652 bus
229 595 303 652 meis
317 595 477 669 vestrisque
498 594 585 650 rebus
606 591 774 650 reservate’'
788 594 881 670 inquit
895 595 977 652 “ieta
996 593 1032 652 de
1053 613 1100 653 me

149 674 281 753 judicia:
303 692 358 730 uec
380 673 450 729 mihi
471 672 533 728 filia
552 672 645 729 inulta
665 672 804 729 honorem
824 673 919 731 ullum
934 673 1100 749 jucundum

152 773 217 811 esse
231 753 349 830 patitur,
365 771 420 809 neo
435 752 465 807 in
479 751 646 827 perturbata
660 751 811 827 republica
823 771 873 809 eos
887 753 958 811 utile
971 763 1015 810 est
1028 757 1129 830 prae-d

152 851 217 890 esse
232 831 323 900 vobis,
338 832 388 907 qui
402 831 524 907 proximi
538 830 654 888 invidiae
674 831 748 887 siut:
769 832 794 888 si
810 832 876 908 quis
890 847 961 892 usus
974 833 1032 888 mei
1045 841 1098 903 est,

151 911 244 969 nihilo
266 911 361 967 minor
382 928 419 968 ex
443 910 553 986 privato
576 907 741 985 capietur.''
782 909 827 968 Ita
853 910 955 968 decem
978 928 1100 970 numere

151 991 285 1048 tribunos
299 990 438 1046 militares
449 999 558 1046 creant.
600 987 707 1064 Neque
720 989 751 1045 in
765 987 881 1047 Sabinis
894 990 1005 1068 quievit
1017 1009 1099 1048 exer·

151 1070 247 1128 citus:
268 1069 308 1127 ibi
319 1086 443 1145 quoque,
459 1077 576 1126 auctore
587 1067 669 1126 Icilio
682 1067 913 1144 Numitorioque,
924 1070 1050 1127 secessio
1063 1070 1100 1128 ab

152 1148 328 1206 decemviris
349 1147 426 1206 sacta
446 1157 498 1217 est,
513 1166 569 1205 non
593 1148 704 1205 minore
725 1158 804 1205 motu
826 1149 988 1206 animorum
1008 1148 1099 1207 Siccii
1111 1151 1149 1208 10

152 1227 241 1286 cedis
262 1229 402 1285 memoria
423 1236 568 1296 renovata,
583 1245 672 1303 quam
692 1244 780 1302 quem
799 1246 875 1285 nova
895 1226 973 1286 fama
990 1227 1027 1286 de
1041 1229 1098 1286 vir·

152 1307 221 1384 gine
243 1306 315 1364 adeo
336 1305 412 1364 foede
427 1305 463 1363 ad
484 1306 633 1364 libidinem
653 1308 742 1382 petita
763 1306 946 1365 accenderat.
987 1307 1098 1379 Icilius,

153 1384 204 1443 ubi
219 1385 331 1442 audivit
344 1385 473 1443 tribunos
483 1386 608 1442 militum
623 1385 652 1440 in
667 1384 815 1442 Aventino
828 1395 949 1457 creatos,
960 1404 997 1444 ne
1011 1387 1099 1443 cond·

152 1465 260 1522 tiorum
285 1465 454 1521 militarium
476 1464 697 1541 praerogativam
723 1463 835 1522 urbana
858 1465 975 1522 comitia
996 1465 1100 1523 iisdem

152 1544 277 1600 tribunis
297 1543 388 1619 plebis
409 1542 542 1601 creandis
556 1551 757 1618 sequerentur,
772 1543 881 1620 peritus
894 1561 993 1601 rerum
1011 1547 1149 1620 popu-15

152 1621 270 1692 larium,
283 1623 493 1698 imminensque
507 1622 535 1679 ei
549 1621 690 1697 potestati,
702 1631 731 1679 et
744 1622 815 1698 ipse,
826 1623 995 1699 priusquam
1008 1623 1098 1681 iretur

152 1701 189 1758 ad
204 1702 317 1772 urbem,
332 1703 395 1778 pari
408 1709 546 1778 potestate
560 1700 686 1759 eundem
699 1718 854 1758 numerum
868 1701 905 1759 ab
923 1701 985 1759 auis
997 1719 1100 1759 crean-

151 1779 223 1837 dum
245 1791 340 1839 curat.
383 1780 468 1838 Porta
490 1780 604 1838 Collina
626 1781 729 1838 urbem
750 1781 896 1838 intravere
920 1781 975 1837 sub
998 1782 1098 1860 signis,

151 1859 306 1936 mediaque
328 1860 400 1916 urbe
414 1860 529 1936 agmine
548 1859 579 1916 in
593 1859 774 1916 Aventinum
788 1869 922 1937 pergunt.
963 1859 1017 1930 Ibi,
1032 1879 1098 1918 oon-

148 1937 246 2016 junoti
268 1938 352 1996 alteri
373 1939 524 2008 exercitui,
539 1939 641 2015 viginti
662 1939 786 1996 tribunis
807 1939 931 1996 militum
951 1941 1149 2017 negotiumssd

149 2016 303 2088 dederunt,
321 2027 353 2075 ut
375 2035 412 2074 ex
434 2036 486 2076 suo
508 2036 630 2075 numero
653 2017 725 2075 duos
748 2028 891 2086 crearent,
905 2018 957 2094 qui
977 2035 1100 2076 summm

151 2113 253 2153 rerum
275 2106 440 2172 praeessent.
484 2096 525 2154 M.
550 2095 688 2173 Oppium,
710 2096 780 2154 Sex.
807 2095 962 2154 Manilium
985 2106 1097 2155 creant.

154 2174 255 2232 Patres
278 2175 394 2233 solliciti
415 2175 451 2233 de
474 2195 588 2234 summa
610 2194 719 2245 rerum,
740 2194 810 2233 cum
832 2185 950 2233 senatus
972 2175 1099 2253 quotidie

148 2263 237 2324 esset,
249 2255 357 2332 jurgiis
376 2256 483 2332 saepius
495 2264 593 2312 terunt
613 2265 727 2331 tempus
739 2274 828 2331 quam
842 2255 987 2314 consiliis:
1008 2255 1099 2314 Siccii

151 2333 251 2390 eaedes
268 2333 452 2403 decemviris,
467 2343 495 2392 et
516 2335 652 2410 Appiana
672 2335 768 2404 libido,
783 2345 813 2393 et
832 2334 975 2393 dedecora
987 2336 1148 2395 miliriaco
1229 2372 1233 2380 ·

151 2411 380 2488 objiciebantur:
416 2413 549 2489 placebat
572 2413 728 2471 Valerium
756 2413 968 2490 Horatiumque
996 2415 1039 2472 ire
1067 2415 1098 2471 in

152 2491 345 2548 Aventinum.
387 2491 434 2550 Illi
445 2492 590 2570 negabant
601 2512 632 2549 ae
644 2493 728 2550 aliter
741 2494 840 2563 ituros,
852 2494 975 2569 quamsi
985 2493 1098 2550 decem-

152 2570 209 2626 viri
229 2570 405 2647 deponerent
424 2572 550 2648 insignia
571 2573 757 2647 magistratus
776 2571 848 2646 ejus,
863 2590 921 2646 quo
944 2589 1020 2628 anno
1037 2571 1099 2646 jam
1127 2592 1132 2604 ¹

152 2658 220 2706 ante
241 2650 378 2708 abissent.
420 2648 597 2719 Decemviri,
612 2659 767 2725 querentes
785 2668 817 2706 se
835 2650 865 2704 in
879 2649 1008 2706 ordinem
1023 2649 1097 2724 cogi,

151 2745 210 2786 non
238 2738 305 2786 ante
333 2747 421 2804 quam
447 2729 566 2806 perlatis
594 2728 716 2806 legibus,
742 2743 867 2803 quarum
890 2745 982 2786 causa
1007 2727 1149 2787 creatillo

152 2815 259 2876 essent,
273 2807 451 2884 deposituros
464 2809 619 2885 imperium
633 2827 664 2865 se
681 2807 806 2865 aiebant.

170 2921 174 2929 ι
193 2884 260 2944 LII.
283 2886 340 2944 Per
354 2887 396 2945 Μ.
412 2886 572 2957 Duellium,
587 2887 639 2963 qui
656 2886 897 2964 tribunusplebis
918 2884 1021 2958 iuerat,
1036 2904 1099 2945 cer·

152 2964 209 3022 lior
232 2963 311 3023 facta
329 2966 419 3042 plebs,
435 2967 663 3025 contentionibus
684 2965 808 3023 assiduis
829 2966 901 3023 nihil
923 2967 1053 3044 transigi,
1068 2967 1099 3024 in

152 3043 279 3102 Sacrum
300 3055 426 3103 montem
447 3065 484 3102 ex
499 3045 646 3102 Aventino
662 3046 774 3115 transit,
790 3045 950 3103 affirmante
970 3044 1098 3117 Duellio,

152 3141 210 3180 non
224 3124 313 3198 prius,
331 3143 419 3200 quam
439 3124 534 3182 deseri
555 3123 656 3181 urbem
677 3124 802 3194 videant,
816 3143 919 3183 curam
938 3126 968 3183 in
989 3126 1149 3184 animoadb

153 3211 267 3278 patrum
283 3202 506 3261 descensuram:
529 3202 742 3262 admoniturum
757 3204 882 3262 Sacrum
892 3213 1019 3262 montem
1032 3222 1099 3262 eon-

153 3282 266 3339 stantiae
287 3282 388 3358 plebis,
409 3284 599 3358 sciturosque,
616 3303 705 3359 quam
725 3283 788 3341 eiua
809 3284 941 3340 restituta
962 3292 1100 3359 potestate

153 3359 247 3436 redigi
258 3361 287 3416 in
299 3362 482 3419 concordiam
498 3379 545 3419 res
558 3372 714 3438 nequeant.
756 3361 815 3418 Via
828 3361 1100 3418 Nomentana-eui

154 3449 216 3496 tum
231 3439 382 3497 Ficulensi
403 3459 508 3498 nomen
529 3439 752 3517 fuit-profecti,
767 3449 863 3497 castra
883 3441 913 3496 in
934 3448 1029 3496 monte
1048 3438 1099 3496 Sa·

154 3535 206 3576 oro
228 3518 375 3589 locavere,
398 3519 566 3578 modestiam
588 3533 704 3596 patrum
724 3537 843 3577 auorum
870 3517 942 3574 nihil
966 3517 1150 3582 violandolll

155 3595 267 3655 imitati.
309 3598 419 3656 Secuta
440 3601 601 3657 exereitum
622 3596 713 3675 plebs,
730 3598 820 3667 nullo,
841 3597 893 3673 qui
914 3615 966 3673 per
985 3605 1101 3654 ertatem

154 3673 198 3732 ire
218 3686 322 3752 posset,
342 3687 533 3736 retractante:
555 3687 769 3754 prosequuntur
788 3677 928 3753 conjuges
948 3675 1100 3753 liberique,

154 3754 273 3812 cainam
295 3775 327 3814 se
342 3756 538 3835 relinquerent
560 3759 590 3814 in
611 3771 646 3814 ea'
667 3755 867 3834 urbemque
886 3774 942 3814 neo
962 3755 1102 3833 pudicitia

155 3848 211 3891 nec
233 3834 354 3895 libertas
376 3847 479 3896 sanata
499 3845 584 3908 esset,
598 3835 803 3894 miserabiliter
816 3835 983 3913 rogitantes.
1023 3835 1101 3900 Cum
