2717 4292
222 796 404 891 blBllR
439 798 761 893 vlclsluus
798 801 1144 933 iaculoue„

476 1168 858 1245 ARGUMEN'IUM.

202 1330 240 1389 11,
251 1331 302 1382 III.
318 1330 462 1389 Harmmrn,
471 1347 514 1395 per
524 1332 651 1381 continuas
661 1331 753 1397 vigilias
764 1332 790 1381 in
800 1334 925 1396 paludibus
935 1336 1005 1384 oculo
1016 1337 1110 1395 amico,

169 1408 236 1459 venit
246 1408 272 1457 in
284 1407 420 1457 Etruriam:
436 1423 480 1471 per
490 1424 549 1470 quas
565 1408 666 1471 paludes
680 1408 810 1470 quadriduo
821 1414 847 1458 st
857 1410 931 1459 tribus
940 1412 1049 1461 noctibus
1059 1413 1110 1461 sine

168 1486 219 1535 ulla
229 1485 310 1547 requie
321 1485 366 1533 iter
382 1485 445 1533 lecit
478 1484 650 1542 111‚1v‚eae.
667 1484 697 1532 C.
709 1483 843 1533 Flaminius
853 1486 944 1543 consol,
954 1487 991 1535 vir
1005 1492 1110 1536 tamem·

167 1562 224 1618 rius,
237 1566 322 1619 contra
337 1553 443 1623 auspicia
453 1562 581 1623 profectus,
593 1560 665 1624 signis
676 1561 815 1609 militaribus
825 1560 923 1618 effossis,
933 1576 987 1623 qaae
997 1563 1048 1611 tolli
1062 1578 1111 1611 non

167 1642 289 1701 poterant,
300 1641 326 1685 et
343 1637 374 1686 ab
384 1648 453 1698 equo,
462 1652 535 1699 quem
551 1636 732 1693 conscenderat,
743 1651 786 1699 per
796 1642 871 1700 caput
881 1638 1014 1695 devolutus,
1025 1639 1112 1686 insidiis
1142 1665 1146 1676 ι

168 1714 201 1762 ab
217 1713 356 1762 Hannibale
378 1714 565 1771 circumventus,
586 1714 617 1761 ad
633 1712 806 1761 Trasimenum
823 1714 906 1762 lacum
928 1729 986 1763 oum
1005 1715 1112 1764 exoratu

168 1805 245 1839 ooesus
261 1795 304 1837 eet
336 1788 380 1837 VI.
398 1788 448 1837 Sex
464 1789 547 1848 millia,
559 1804 612 1851 quse
628 1795 764 1851 eruperant,
776 1780 871 1865 fidejab
887 1789 1030 1840 Maharbale
1044 1790 1108 1851 data,

167 1863 268 1929 perfidia
279 1864 423 1913 Hannibalis
433 1866 517 1915 vincta
527 1871 590 1914 sunt.
623 1865 682 1914 VII.
699 1865 763 1914 Cum
776 1866 807 1915 ad
817 1867 929 1915 nuntium
940 1867 1015 1915 cladis
1026 1865 1109 1917 Romu

166 1943 248 1991 luctus
263 1945 335 1997 esset,
346 1940 400 1989 duae
416 1947 516 1999 matres,
527 1957 559 1990 ex
575 1942 695 2003 insperato
711 1942 812 2003 receptis
827 1941 889 1999 filiis,
905 1942 992 2006 gaudio
1008 1948 1111 1991 mortuae

166 2024 231 2067 sunt.
263 2016 295 2065 X
312 2016 352 2067 Ob
371 2017 436 2065 hauc
456 2017 551 2069 cladem
573 2032 604 2065 ex
624 2017 746 2079 Sibyllinis
764 2017 827 2065 libris
842 2032 886 2066 ver
903 2032 1001 2077 sacrum
1018 2024 1110 2067 votum.

134 2142 137 2147 ,
166 2093 228 2143 XII.
245 2093 313 2141 Cum
324 2092 409 2141 deinde
417 2091 448 2150 Q
461 2092 687 2157 FabiusuMaximus
699 2094 809 2150 dictator,
821 2093 935 2142 adversus
946 2093 1112 2146 Hannibalern

166 2172 263 2227 missus,
275 2170 349 2217 nollet
365 2170 417 2217 acie
429 2184 487 2217 cum
499 2184 527 2217 eo
544 2168 681 2233 confligere,
691 2184 732 2227 ne,
743 2175 828 2218 contra
842 2170 948 2218 ferocem
963 2175 1000 2218 tot
1008 2170 1112 2220 victoriis

114 2287 117 2294 .
166 2248 271 2303 hostem,
283 2246 392 2294 territum
403 2245 508 2295 advenis
516 2246 602 2307 praeliis
613 2246 713 2293 militem
724 2260 812 2310 pugna
824 2246 991 2303 committeret,
1003 2252 1028 2294 ot
1039 2262 1111 2309 oppo-

166 2322 247 2372 nendo
258 2337 287 2386 ee
296 2326 393 2369 tantum
401 2326 502 2369 conatus
513 2320 657 2369 Hannibalis
667 2322 806 2383 lmpedIret3
818 2320 892 2379 XIV,
903 2321 995 2379 XXVI,
1013 2320 1050 2370 M.
1061 2321 1111 2371 Mi·

166 2398 262 2455 nucius,
272 2398 387 2460 magester
397 2397 513 2459 equitum,
525 2397 591 2445 ferox
601 2402 627 2445 et
640 2399 790 2455 temerarius,
799 2398 948 2447 criminando
965 2398 1109 2447 dictatorem

167 2481 296 2542 tamquam
313 2489 413 2537 segnem
434 2479 459 2522 et
477 2473 596 2532 timidum,
608 2474 696 2531 effecit,
706 2479 734 2522 ut
751 2475 830 2536 populi
847 2473 916 2535 jussu
934 2480 1069 2536 aequaretur
1088 2476 1110 2523 ei

166 2566 226 2603 aum
237 2550 353 2597 dictatore
364 2550 504 2611 imperinm:
521 2549 629 2607 XXVII,
646 2539 767 2611 divisoque
779 2551 894 2606 exercitu,
903 2564 960 2598 cum
971 2550 1049 2611 imquo
1060 2549 1112 2598 loco

167 2626 322 2682 conflixisset,
334 2631 360 2674 st
370 2626 395 2673 in
405 2641 495 2690 magno
506 2626 640 2675 discrirnina
651 2626 756 2689 legiones
767 2624 818 2687 ejus
828 2630 916 2681 essent,
924 2623 1018 2681 XXIX,
1029 2640 1111 2686 super·

167 2703 282 2753 veniente
293 2716 352 2750 cum
363 2702 471 2750 exercitu
486 2702 562 2751 Fabio
578 2701 697 2758 Maximo,
708 2701 841 2749 discrimine
857 2701 969 2749 liberatus
980 2705 1023 2747 est
1056 2698 1112 2757 Quo

166 2778 286 2829 beneficio
302 2778 388 2835 victus,
400 2784 480 2827 castra
496 2794 554 2827 cam
571 2794 599 2827 eo
615 2778 747 2841 conjunxit,
759 2783 785 2826 et
797 2783 896 2841 patrem
912 2792 970 2825 eum
984 2777 1113 2839 salutavit3

65 2879 67 2884 ·
167 2856 282 2918 idemque
301 2855 383 2903 facere
402 2855 489 2903 milites
506 2852 582 2916 jussit.
616 2854 749 2911 Hannibal,
768 2859 866 2903 vastata
887 2852 1032 2915 Campania,
1049 2853 1112 2902 inter

168 2932 305 2981 Casilinum
316 2931 429 2994 oppidum
439 2938 465 2980 st
476 2931 621 2980 Calliculam
632 2936 741 2980 montem
752 2946 768 2979 a
779 2930 854 2980 Fabio
866 2931 970 2988 clausus,
984 2933 1112 2979 sarmentis

169 3009 200 3057 sd
216 3023 310 3056 cornua
326 3008 399 3056 boum
419 3008 521 3073 alligatis
538 3014 563 3056 et
582 3008 692 3064 incensis,
706 3008 842 3070 praesidium
857 3006 1030 3065 Romanorum,
1048 3008 1111 3071 quod

169 3083 315 3133 Calliculam
327 3084 451 3142 insidebat,
462 3084 569 3149 fugavit:
587 3084 656 3133 etsie
667 3090 830 3149 transgressus
846 3091 883 3133 sst
899 3086 996 3133 saltum.
1029 3085 1111 3133 Idem·

168 3176 215 3223 que
237 3158 270 3217 Q.
293 3159 363 3209 Fabii
388 3160 492 3209 Maximi
519 3158 649 3219 dictatoris,
672 3176 731 3210 cum
754 3162 922 3224 circumposita
942 3166 1112 3227 ureret„agro

168 3238 282 3301 pepercit,
291 3243 319 3285 ut
336 3238 404 3287 illum
422 3245 547 3301 tamquam
561 3239 703 3301 proditorem
722 3245 861 3301 suspectum
869 3227 975 3287 ‘iaceret
1007 3236 1113 3306 XLVII.

169 3313 271 3363 AEmilio
282 3314 369 3363 deindo
384 3315 461 3364 Paulo
473 3321 497 3364 et
511 3315 625 3364 Terentio
638 3315 746 3365 Varrone
757 3316 893 3365 consulibus
903 3320 929 3363 et
939 3314 1046 3371 ducibus,
1058 3329 1116 3363 oum

169 3391 279 3439 maxima
299 3390 369 3443 clade
395 3392 509 3441 adversus
532 3392 697 3441 Hannibalem
720 3392 752 3440 ad
775 3391 877 3439 Cannas
904 3390 1041 3454 pugnatum
1062 3396 1113 3439 est:

159 3464 265 3524 XLIX,
283 3481 393 3529 caesaque
404 3483 433 3515 ao
449 3469 531 3531 proelio
549 3468 715 3517 Romanorum
732 3467 891 3531 qnadraginta
908 3466 1012 3528 quinque
1029 3466 1113 3523 millia,

170 3556 229 3590 cum
247 3541 326 3590 Paulo
346 3546 443 3593 consule
463 3550 488 3593 et
506 3546 654 3593 senatoribus
671 3544 801 3608 octoginta,
818 3548 844 3591 et
861 3543 1024 3591 consularibus
1040 3548 1113 3605 atque

170 3618 277 3679 pretoriis
289 3624 315 3667 et
326 3619 430 3668 aediliciis
441 3620 546 3685 triginta.
579 3620 652 3669 LIII.
668 3620 727 3669 Post
737 3636 811 3683 quam
821 3619 926 3677 cladem,
935 3634 993 3667 cum
1004 3634 1019 3666 a
1029 3619 1114 3667 nobili-

170 3692 215 3743 bus
229 3694 422 3745 adolescentibus
439 3702 534 3760 propter
552 3698 744 3760 desperationem
763 3697 890 3746 consilium
908 3696 939 3745 de
958 3696 1115 3759 relinquendo

172 3768 244 3821 Italia
262 3771 370 3830 iniretur,
386 3773 413 3822 P.
429 3774 555 3823 Cornelius
572 3774 661 3837 Scipio,
677 3775 787 3823 tribunus
800 3774 913 3835 militurn,
928 3773 969 3837 qui
984 3771 1115 3822 Africanus

173 3852 256 3910 postea
265 3848 407 3901 nominatos
417 3851 554 3910 est„stricto
569 3867 641 3916 super
651 3852 733 3917 capita
748 3849 930 3902 deliberantium
940 3843 1130 3915 ferro,jurcvit,'
