2717 4292
182 293 221 356 10
596 313 655 354 τιτι
676 312 751 354 mvn

230 447 297 505 dine
320 446 415 515 boum,
441 463 510 502 oum
534 454 666 502 avertere
687 463 753 502 eam
777 443 904 521 praedam
931 442 1028 514 vellet,
1053 443 1133 520 quia,
1156 443 1181 504 si

231 525 343 603 agendo
357 535 520 581 armentum
535 525 566 580 in
580 524 751 600 speluncam
765 524 988 600 compulissets
979 542 1042 600 ipsa
1056 525 1180 600 vestigia

230 613 409 681 qurerentem
429 603 578 660 firminum
602 622 637 660 eo
656 601 819 660 deductura
839 613 930 672 erant,
953 621 1070 660 aversos
1092 603 1181 661 boves

219 684 370 741 eximium
398 700 543 759 quemque
571 681 786 758 pulchritudine
819 681 957 740 caudis'
949 700 979 738 rn
1007 681 1180 774 speluncam

201 764 327 821 btraxit.
380 761 527 820 Hercules
555 761 592 819 ad
624 761 748 837 primam
776 779 911 818 auroram
939 779 1038 818 somno
1065 762 1181 818 excitus

231 861 300 899 cum
314 860 433 918 gregem
449 840 650 932 perlustrasset
664 841 803 910 oeulis,et
816 851 928 917 partem
942 840 1042 897 abesse
1056 858 1181 898 numero

230 922 374 990 sensisset,
396 921 490 998 pergit
501 919 537 976 ad
552 920 712 996 proximam
725 920 942 996 speluncam,'
919 938 944 976 sr
959 917 1031 976 sorte
1045 938 1080 976 eo
1093 919 1180 977 reati-

229 999 279 1076 gia
300 963 418 1058 ferrent.
471 998 547 1065 Quae
568 999 619 1056 ubi
642 999 739 1056 omnia
760 997 837 1056 foras
861 1017 946 1056 versa
966 998 1048 1090 vidit,
1067 1016 1123 1056 nec
1149 999 1180 1055 in

231 1090 341 1154 partem
357 1079 445 1136 aliam
460 1077 545 1147 ferre,
564 1076 703 1136 confusus
718 1086 803 1154 atque
818 1078 947 1135 incertus
961 1078 1050 1135 animi
1064 1096 1100 1134 ex
1115 1077 1180 1135 loco
1258 1103 1263 1110 ·

184 1157 334 1216 ldinlesto
359 1176 446 1234 agere
471 1176 554 1234 porro
575 1167 739 1214 armentum
759 1157 909 1233 occepit.
922 1155 993 1214 Inde
1014 1175 1082 1213 cum
1105 1167 1180 1214 actae

180 1256 186 1268 ·
232 1236 318 1294 boves
332 1237 465 1314 quaedam
480 1236 515 1294 ad
529 1235 714 1306 desiderium,
724 1246 756 1293 ut
769 1236 809 1304 iit,
825 1236 994 1293 relictarum
1008 1236 1178 1312 mugissent,

231 1316 342 1374 reddita
355 1316 536 1374 inclusarum
550 1333 587 1372 ex
601 1316 742 1391 spelunca
761 1316 848 1372 boum
862 1334 918 1372 vox
934 1314 1095 1372 Herculem
1110 1333 1178 1372 oon-

231 1396 326 1452 vertit.
381 1395 479 1461 Quem
502 1414 570 1452 cum
595 1394 632 1452 ad
654 1395 825 1471 speluncam
849 1393 1002 1451 vadentem
1026 1392 1124 1452 Cacus
1148 1393 1178 1451 vi

230 1475 380 1550 prohibere
402 1487 522 1567 conatus
543 1487 626 1543 esset,
641 1475 718 1532 ictus
737 1474 831 1544 clava,
854 1473 940 1531 fidem
961 1482 1107 1549 pastorum
1128 1491 1178 1530 ne·

125 1605 133 1618 ,
184 1557 220 1611 15
230 1553 417 1630 quidquam
409 1573 557 1622 invocans,
581 1564 671 1610 morte
692 1552 839 1610 occubuit.
890 1551 1028 1610 Evander
1048 1561 1110 1608 tum
1131 1571 1177 1643 ea,

231 1632 371 1710 profugus
387 1653 423 1690 ex
446 1633 659 1708 Peloponneso,
665 1627 834 1723 auctoritate
849 1633 943 1708 magis
956 1650 1044 1708 quam
1059 1631 1178 1722 imperio

231 1712 349 1802 regebat
363 1712 444 1768 loca:
466 1710 676 1768 venerabrlrs
649 1729 695 1768 vrr
703 1711 846 1768 miraculo
856 1711 1027 1780 litterarum,
1039 1710 1081 1768 rei
1094 1729 1179 1768 novas

231 1790 305 1847 inter
314 1789 400 1846 rudes
412 1791 517 1846 artium
531 1789 679 1846 hommes
672 1832 679 1859 ,
703 1789 895 1847 venerabilior
904 1789 1052 1847 divinitate
1066 1788 1179 1847 credita

231 1866 394 1926 Carmente
405 1869 513 1938 matris,
523 1887 611 1944 quam
623 1867 801 1945 fatiloquam,
814 1878 880 1926 ante
891 1868 1013 1944 Sibyllae
1023 1870 1053 1925 in
1062 1867 1178 1926 ltaliam

183 1947 396 2018 20adventum,
412 1949 523 2004 miratae
543 1967 586 2005 eae
606 1957 707 2024 gentes
728 1946 852 2006 fuerant.
895 1946 1004 2005 Istum
1028 1947 1176 2018 Evander,

169 2055 179 2062 ·
230 2045 375 2085 concursu
390 2037 535 2103 pastorum
549 2027 753 2103 trepidantium
763 2028 844 2085 circa
859 2027 1000 2084 advenam
1016 2025 1178 2085 manifestas

231 2123 313 2164 reum
327 2107 414 2164 caedis
425 2107 546 2176 excitus,
563 2116 714 2183 postquam
729 2106 843 2164 facinus
852 2105 1045 2183 facinorisque
1054 2124 1178 2164 causam

232 2185 350 2255 audivit,
373 2185 502 2243 habitum
524 2184 704 2261 formamque
725 2187 781 2242 viri
805 2186 986 2262 aliquantum
1008 2186 1178 2263 ampliorem

232 2266 484 2340 augustioremque
508 2265 637 2322 humana
659 2266 783 2334 intuens,
808 2267 921 2343 rogitat,
944 2266 996 2341 qui
1020 2266 1065 2321 vir
1088 2276 1175 2322 esset.

152 2379 158 2391 ·
182 2347 220 2404 25
233 2344 289 2402 Ubi
313 2362 418 2401 nomen
440 2355 608 2420 patremque
629 2362 665 2402 ac
689 2345 812 2420 patriam
833 2345 954 2419 accepit,
977 2343 1076 2402 “Jove
1096 2354 1175 2415 nate,

231 2423 386 2492 Herculea
401 2422 505 2480 salve’l
518 2423 627 2499 inquit:
651 2430 708 2480 “te
727 2423 799 2480 mihi
821 2434 922 2493 mater,
938 2423 1067 2481 veridica
1088 2424 1176 2481 inter.

231 2521 297 2579 pres
311 2502 405 2571 delam,
422 2511 576 2560 aucturum
591 2503 751 2560 caelestium
765 2521 921 2560 numerum
935 2503 1050 2571 cecinit,
1065 2503 1176 2579 tibique

231 2601 311 2638 aram
332 2581 380 2640 hic
394 2581 551 2640 dicatum'
543 2583 589 2651 rri,
604 2601 693 2658 quam
713 2582 931 2674 opulentissima
950 2583 1048 2640 olim
1039 2601 1070 2638 ιιι
1091 2583 1176 2639 terris

230 2681 301 2738 gens
326 2663 482 2719 maximam
508 2671 589 2720 vocet
610 2672 716 2737 tuoque
738 2661 795 2719 ritu
816 2660 926 2719 colat.''
967 2660 1079 2719 Dextra
1098 2659 1176 2718 Her-

119 2785 121 2790 .
182 2745 219 2799 30
230 2742 312 2798 cules
326 2741 401 2809 data,
414 2742 546 2817 accipere
560 2760 591 2797 se
605 2760 690 2796 omen
703 2740 948 2831 impleturumque
964 2740 1032 2810 fata,
1045 2758 1096 2797 ara
1107 2759 1175 2798 con-

231 2819 290 2876 dita
305 2838 339 2875 ao
354 2819 457 2886 dicata,
474 2819 523 2874 ait.
565 2817 678 2875 ibidum
693 2819 818 2894 primum
832 2821 904 2877 bove
919 2820 1026 2877 eximia
1040 2828 1125 2895 capta
1139 2819 1175 2877 da

230 2916 329 2973 grege,
340 2914 457 2976 sacrum
472 2896 603 2966 Herculi,
616 2897 751 2954 adhibitis
761 2897 797 2955 ad
812 2899 1003 2956 ministerium
1013 2899 1175 2974 dapemque

231 2975 340 3034 Potitiis
354 2995 389 3033 ac
409 2963 542 3045 Pinariis,
564 2995 630 3052 quae
650 2985 713 3033 tum
734 2975 852 3035 familiae
866 2979 992 3035 maxime
1005 2979 1124 3053 inclytae
1138 2995 1175 3035 ea

231 3055 295 3112 loca
315 3054 486 3124 incolebant,
507 3055 627 3112 factum.
669 3055 756 3114 Forte
781 3058 822 3114 ita
842 3058 946 3126 evenit,
969 3067 1001 3115 ut
1023 3057 1117 3114 Potitii
1138 3057 1175 3114 ad

182 3139 220 3194 85
231 3144 343 3210 tempus
365 3143 466 3209 praesto
491 3145 584 3192 essent
603 3134 705 3210 hisque
726 3145 792 3193 exta
813 3147 1033 3212 apponerentur,
1056 3135 1174 3206 Pinarii,

230 3214 303 3270 extis
318 3213 419 3283 adesis,
435 3213 471 3270 ad
488 3223 615 3271 ceteram
630 3215 763 3273 venirent
782 3215 903 3292 dapem:
924 3215 991 3273 inde
1012 3215 1175 3274 institutum

230 3294 344 3362 mansit,
362 3292 454 3351 donec
475 3293 623 3350 Pinarium
644 3312 738 3370 genus
760 3292 823 3365 fuit,
838 3313 875 3352 ne
896 3297 970 3352 extis
990 3295 1175 3352 sollemnium

230 3381 427 3430 vescerentur.
470 3371 564 3430 Potitii
589 3373 625 3429 ab
649 3372 786 3432 Evandro
810 3374 911 3444 edocti,
934 3374 1074 3431 antistites
1096 3375 1175 3431 sacri

230 3451 293 3526 ejus
308 3470 357 3528 per
371 3452 477 3509 multas
492 3461 590 3509 aetates
600 3449 726 3520 fuerunt,
738 3452 838 3523 donec,
853 3453 955 3510 tradito
969 3453 1062 3510 servis
1081 3453 1175 3528 publi-

184 3531 273 3592 tocis
293 3531 424 3588 sollemni
447 3530 564 3588 familiae
588 3531 756 3601 ministerio,
777 3551 871 3608 genus
898 3551 983 3589 omne
1006 3530 1173 3589 Potitiorum

230 3609 345 3665 interiit.
388 3609 462 3666 Haec
475 3620 538 3668 tum
553 3628 638 3667 saera
659 3609 802 3668 Romulus
817 3629 881 3674 nna
889 3631 925 3668 ex
939 3611 1073 3668 omnibus
1093 3629 1172 3686 pere·

229 3687 313 3764 grina
334 3690 469 3762 suscepit,
487 3689 549 3763 jam
570 3698 630 3746 tum
652 3689 874 3747 immortalitatis
894 3691 999 3748 virtute
1017 3700 1115 3766 partae,
1133 3690 1172 3749 ad

229 3784 317 3843 quam
332 3785 400 3824 eum
414 3786 468 3823 sua
482 3766 540 3824 fata
555 3767 708 3837 ducebant,
725 3767 828 3825 fautor.

269 3843 351 3904 Vlll.
373 3843 473 3902 Rebus
493 3845 598 3903 divinis
612 3848 665 3904 rite
686 3848 864 3924 perpetratis,
879 3858 1039 3924 vocataque
1058 3846 1093 3906 ad
1107 3867 1171 3907 eon
